4712 5828
225 246 299 320 ota
784 215 1216 308 El'lSTOlralRUll

329 429 356 486 p.
369 404 444 461 696ι
466 442 473 460 .
493 427 529 444 -·
566 398 688 455 itteram
701 393 877 470 apographon
897 411 925 444 rr
942 387 1041 443 eodern
1056 383 1128 440 libro
1144 383 1214 438 bau-

327 491 399 534 stuau
421 477 456 528 nai
478 473 484 524 i
508 471 578 525 misit
601 469 691 526 Vener
724 467 864 533 merae,
898 459 969 516 Past.
996 457 1100 516 Ecetra,
1121 471 1216 524 evang.

326 544 497 620 germanicae
512 544 540 596 iu
553 537 725 594 stoakhotn.

354 695 396 774 S.
427 691 476 764 D.
502 684 686 764 Omnibus
703 681 849 785 iacturis
864 673 936 752 ias
953 673 1092 748 literas.

227 843 284 933 Ut
300 857 337 924 in
355 851 429 942 ipsa
443 849 570 915 bruma
586 837 682 910 Deus
697 839 758 910 dat
772 829 1065 924 tranquillitatem
1081 822 1217 916 aliquot

231 961 371 1032 dierum
396 943 547 1043 parienti
568 940 743 1036 Halcyoni
769 937 807 1005 in
829 931 982 1023 scopulis
1004 925 1128 996 maris:
1169 922 1217 992 ita

231 1083 328 1133 nnnc
351 1055 390 1124 iu
405 1043 651 1122 vetustissimis
673 1053 708 1112 et
720 1031 953 1110 nobilissimis
968 1027 1106 1118 regnis,
1128 1022 1218 1096 Sue·

234 1165 314 1233 dico
336 1170 371 1227 et
385 1151 541 1227 Danico‚
562 1145 693 1237 inipso
712 1139 802 1212 mari
825 1132 1045 1230 parientibus
1062 1123 1219 1198 ecclesiis

234 1279 270 1336 et
281 1261 350 1355 piis
363 1252 491 1326 studiis
507 1248 631 1331 nidos,
656 1267 776 1336 pacem
793 1255 826 1310 et
842 1232 1068 1306 concordiam
1087 1229 1219 1298 docen-

235 1368 324 1440 tium
342 1360 531 1430 clementer
546 1346 685 1430 tribuit,
735 1339 781 1414 Et
797 1337 882 1410 haec
897 1330 1065 1406 beneficia
1078 1327 1146 1400 Dei
1163 1329 1220 1396 in-

227 1458 350 1562 clytae
364 1473 398 1530 et
412 1453 585 1548 sapientes
601 1445 716 1538 Reges
733 1443 770 1514 in
796 1442 838 1511 iis
857 1437 972 1528 regnis
995 1455 1120 1522 magna
1144 1429 1220 1522 pie-

236 1581 307 1642 tate
321 1561 474 1634 rctincre
495 1553 648 1624 student.
699 1543 791 1618 Cum
816 1552 933 1612 autam
955 1538 994 1604 in
1014 1531 1138 1606 ceteris
1163 1554 1220 1600 re·

238 1667 405 1764 gianibus
423 1671 498 1728 toto
514 1653 601 1724 orbe
618 1665 812 1724 terrarum,
838 1639 923 1712 alibi
943 1636 1056 1726 Reges
1073 1647 1107 1706 et
1123 1631 1219 1703 Pon·

236 1771 345 1845 tilices
361 1761 478 1835 delere
494 1751 656 1826 ecclesias
678 1748 785 1820 armis
807 1759 842 1815 et
862 1741 971 1834 impia
994 1735 1137 1807 saevitia
1161 1759 1221 1803 co-

238 1883 389 1952 nentur,
414 1859 500 1933 alibi
522 1857 608 1926 liant
631 1849 899 1924 dilacerationes
921 1846 1125 1930 dogmatum
1148 1836 1222 1904 dis-

239 1973 362 2046 cidiis:
383 1965 460 2036 Deo
475 1957 602 2052 gratias
619 1973 777 2046 agamus,
800 1945 896 2042 quod
920 1940 1049 2012 alicubi
1066 1937 1218 2032 Halcyo-

241 2075 301 2148 nia
327 2064 481 2142 ecclesiis
504 2057 650 2136 tribuit,
674 2076 720 2124 ne
742 2051 803 2120 lux
819 2044 1001 2118 doctrinae
1023 2039 1223 2130 exstingua—
1331 2041 1340 2065 ·

242 2193 313 2250 tur.
356 2164 529 2242 Gratulor
545 2158 655 2250 igitur
669 2150 726 2225 his
741 2148 898 2222 honestis
915 2158 950 2217 et
962 2139 1110 2215 emditis
1125 2139 1225 2224 viris,

242 2245 831 2365 MagistroMuriinoHclsingo¹l
846 2236 1225 2320 etchricoAndreae

244 2366 496 2462 Montano²),
512 2363 605 2435 natis
619 2361 658 2428 in
674 2355 818 2438 Suecia,
831 2349 999 2424 redituris
1013 2348 1052 2414 in
1066 2345 1226 2438 patriam,

245 2491 405 2552 ornatam
418 2469 509 2540 veris
520 2463 636 2546 bonis,
650 2463 727 2530 luce
743 2455 924 2526 doctrinae
939 2447 1078 2532 cheo,
1094 2443 1224 2516 iustitia

246 2597 280 2654 et
302 2601 395 2671 pace.
454 2566 502 2641 Et
517 2567 600 2661 quia
623 2559 747 2656 inclyti
770 2555 877 2645 Regis
901 2551 1096 2624 Suecomm
1116 2545 1226 2616 literis

246 2685 289 2753 ad
319 2671 606 2770 propagationem
637 2685 739 2732 verae
761 2657 942 2728 doctrinae
965 2649 1151 2720 accersitus
1177 2659 1228 2716 est

245 2782 417 2872 Mgistcr
445 2767 663 2842 Martinus,
697 2761 954 2858 primumcum
985 2751 1118 2845 inclyto
1137 2746 1228 2838 Regi

247 2893 450 2959 reverenter
478 2868 706 2944 commendo,
749 2859 831 2956 quia
856 2857 946 2932 scin,
992 2855 1029 2922 in
1056 2851 1228 2942 Magistro

248 2980 429 3056 Muriinu
451 2973 622 3045 excellens
643 2965 825 3056 ingenium
848 2983 920 3029 esse
940 2969 972 3024 et.
988 2955 1148 3023 omnium
1165 2955 1230 3020 do-

249 3087 442 3157 ctrinarum
459 3099 582 3167 capax,
604 3083 637 3140 et
654 3061 794 3156 certe³)
810 3087 890 3132 eram
905 3057 1068 3127 didicisse
1083 3057 1232 3144 linguas,

249 3185 433 3263 Latinam,
471 3175 643 3247 Graecam
666 3183 700 3238 et
721 3167 914 3248 Ebraeam,
939 3159 1043 3228 initia
1068 3153 1231 3225 Philoso-

249 3287 374 3384 phiae,
399 3296 432 3352 et
446 3281 686 3364 incorruptam
705 3266 868 3337 ecclcsiae
881 3261 1076 3330 doctrinam
1100 3271 1133 3325 et
1156 3279 1234 3324 anr-

250 3391 298 3460 mi
318 3387 479 3480 pietatem
495 3401 575 3447 vera
590 3369 813 3443 invocatione
827 3365 895 3436 Dei
911 3377 945 3433 et
960 3359 1098 3429 domini
1121 3369 1232 3426 nostra

174 3551 178 3560 ι
253 3491 330 3562 lesu
346 3483 500 3562 Christi,
526 3491 559 3548 et
575 3473 722 3546 honesta
742 3491 880 3538 morum
901 3459 1157 3553 gubernatione
1174 3459 1236 3528 de-

252 3596 397 3663 clarare.
452 3584 571 3672 Quare
589 3593 622 3648 et
636 3597 736 3668 spero
746 3624 757 3657 ,
785 3593 864 3639 eum
878 3567 935 3658 pie
957 3577 991 3634 et
1008 3562 1143 3632 utiliter
1164 3583 1236 3629 aer-

253 3695 409 3764 vitururn
426 3709 498 3755 esse
512 3681 675 3754 ecclesiae
692 3675 774 3752 Dei,
800 3685 834 3741 et
851 3691 914 3740 oro
931 3667 1042 3734 lilium
1059 3661 1146 3745 Dei,
1172 3664 1237 3730 do-

252 3795 390 3864 minum
405 3800 565 3856 nostnrm
578 3782 691 3850 lesum
700 3772 894 3854 Christum,
909 3771 1089 3839 cedentem
1101 3767 1142 3833 ad
1154 3765 1239 3830 dex-

252 3913 344 3970 tram
362 3887 495 3960 aeterui
515 3884 626 3952 Patris
650 3893 690 3948 ut
715 3879 807 3945 dona
823 3875 881 3942 det
905 3865 1134 3948 hominibus,
1161 3865 1236 3932 idn-

254 4153 480 4179 σ--ιν-Μ*

289 4251 316 4320 1)
337 4249 378 4301 De
393 4243 519 4328 Murtrirq
528 4235 624 4358 (Οἷὲιι)
638 4225 838 4353 ileisingnbrid.
856 4219 1194 4348 Adqiunguquuppllem.
1210 4217 1244 4339 aq

323 4318 440 4449 liiii,
454 4306 889 4444 &stabiliantatti
903 4311 1013 4416 oil‘i‘.
1027 4307 1244 4422 altstat,

325 4453 371 4524 qui
392 4449 420 4500 in
448 4443 616 4496 Viudeuriola
637 4438 780 4505 litteraria,
805 4437 833 4490 in
855 4451 907 4506 qua
929 4429 1017 4484 llellaa
1041 4427 1091 4481 sub
1104 4429 1205 4492 Arcto,
1223 4444 1244 4479 s.

321 4520 418 4576 merita
433 4514 585 4566 Succorum
600 4511 626 4562 in
645 4509 764 4578 linguam
781 4506 915 4560 Graecam
930 4527 966 4540 -
979 4506 1162 4568 exponuntur.
1184 4495 1245 4558 (lli-

322 4589 377 4644 reb.
397 4585 474 4637 1736.
503 4581 540 4646 8.)
567 4597 591 4646 p·
611 4577 656 4632 28.
679 4577 725 4629 har
744 4567 965 4627 Melanrbtbonis
985 4568 1074 4620 literas
1094 4562 1200 4635 primur
1218 4563 1245 4616 in

323 4675 382 4712 rem
401 4669 477 4706 suam
496 4644 640 4704 convertit.
682 4643 739 4696 Cir.
755 4641 781 4696 1.
794 4643 911 4698 Mulieri
928 4637 1168 4708 Hypomneanu„
1198 4631 1245 4685 ubi

325 4745 352 4799 p.
366 4725 428 4778 671.
441 4729 503 4791 port
518 4714 650 4768 Messenii
662 4708 819 4764 Chronicon
835 4707 1033 4778 Episcoporum
1049 4721 1097 4774 per
1110 4700 1245 4766 sueciam,

326 4805 353 4850 et
368 4789 479 4863 quidam
496 4803 523 4850 p.
537 4783 579 4838 68.
594 4801 623 4834 ea
638 4779 701 4833 edit.
716 4777 855 4829 llolmcnsi
873 4776 948 4828 1611.
965 4787 1121 4838 monemur,
1139 4769 1246 4822 llelsin·

253 4019 340 4070 neos
356 3995 527 4072 doctores,
551 3977 640 4077 ιη’)
656 3976 750 4049 huuc
767 3969 979 4044 Martinam
997 3967 1101 4039 faciat
1114 3957 1243 4046 σκεύος
1292 3925 1373 4096 ᾗ

1266 219 1371 302 LlB.
1406 217 1498 300 llll.
1552 217 1685 298 1664.
2181 215 2259 292 620

1267 389 1388 476 iiiouc
1402 407 1435 466 et
1452 415 1623 484 organum
1639 391 1888 464 alamanne
1904 387 2042 462 animae
2056 400 2094 460 et
2110 383 2256 481 patriae.

1268 495 1351 564 l‘eta
1377 493 1524 591 etiam‘)
1546 496 1592 566 ab
1617 495 1785 564 omnihus
1810 494 1846 562 in
1871 493 1946 578 via,
1971 505 2014 562 ut
2036 501 2181 582 propter
2200 487 2257 556 in-

1268 599 1399 692 clytum
1415 596 1547 686 Regem
1576 609 1610 666 et
1631 609 1777 688 propter
1798 595 1978 668 ecclesiam
2001 589 2068 664 hoa
2090 587 2258 662 honestos

1268 712 1303 770 et
1329 700 1485 770 eruditos
1509 698 1626 782 viros,
1659 699 1847 768 redeuntes
1869 696 1907 766 in
1933 696 2105 790 patriam,
2131 692 2169 761 io
2196 690 2257 760 ici-
2339 717 2340 720 ¹

1269 825 1353 870 nere
1375 795 1543 893 hospitali
1568 801 1643 870 iure
1666 799 1877 884 defendant,
1903 797 2041 892 dequo
2065 817 2148 864 vere
2171 791 2259 862 scri-

1270 916 1369 996 ptum
1387 916 1452 972 est:

1310 1050 1392 1125 Ζεὺς
1407 1043 1597 1132 ἐπιτιμήτωρ
1612 1043 1742 1114 ἱκετάων
1755 1069 1789 1112 re
1798 1047 1905 1124 ξείνων
1922 1069 1955 1114 aa

1310 1131 1448 1222 Ξείνιος,
1469 1133 1506 1212 ἃς
1519 1135 1659 1212 ξείνοισιν
1673 1131 1726 1214 ἅμ’
1742 1134 1907 1200 attotam
1924 1131 2089 1216 drqiev).

1270 1273 1367 1347 Beue
1384 1271 1480 1352 vale,
1507 1271 1658 1342 candide
1674 1269 1813 1345 Lector.
1850 1239 1919 1340 tite
1937 1267 2019 1340 lolii
2035 1267 2263 1342 duodecimo.

1271 1373 1380 1450 Antio
1402 1369 1510 1450 1654.

1792 1481 1982 1583 Philippus
2000 1481 2212 1610 Melapthou

1855 1615 1964 1664 mano
1979 1613 2135 1688 propria.

2106 2001 2165 2070 16.
2188 1993 2250 2064 lut

2082 2085 2260 2124 w

1428 2204 1625 2296 amiam
1649 2201 1715 2290 ud
1740 2201 2115 2296 Bacatotzeram.

1344 2361 1443 2418 Manlii
1468 2359 1566 2431 lamg.
1604 2357 1712 2414 ,mis
1733 2377 1776 2432 aq.
1794 2385 1830 2402 ·-
1864 2358 1989 2416 Manlius
2005 2361 2106 2434 putavit
2124 2363 2269 2436 epistolam

1378 2451 1461 2512 casca
1476 2427 1583 2512 Malunt
1606 2445 1658 2482 one
1671 2427 1816 2498 scriptam,
1830 2429 1876 2484 sed
1897 2429 1925 2484 iu
1939 2427 2064 2502 exemplo
2077 2431 2213 2488 Manliaui
2233 2435 2266 2489 li·

1379 2499 1422 2557 bri
1435 2517 1465 2554 ru
1481 2495 1553 2552 Btbl.
1565 2495 1646 2566 Regia
1662 2496 1787 2551 Berulin.
1799 2495 1966 2569 adscriptum
1980 2509 2037 2566 eat,
2053 2497 2209 2572 Georgium
2224 2503 2270 2556 Sa·

1379 2569 1476 2624 binum
1500 2583 1557 2620 ease
1574 2573 1731 2634 auctorem,
1751 2563 1796 2620 cui
1817 2565 1896 2622 etiam
1914 2577 2106 2634 argumentum
2128 2572 2270 2628 convenit.

1378 2635 1496 2690 Sabinus
1517 2633 1569 2686 boc
1590 2644 1711 2702 tempora
1732 2651 1762 2686 aa
1776 2632 1883 2688 Pruaaia
1904 2633 2026 2688 discessit
2042 2647 2155 2708 propter
2178 2651 2269 2695 motas

1378 2702 1570 2760 Osiaudricoa.
1607 2697 1670 2760 Vid.
1685 2721 1728 2775 ep.
1742 2701 1769 2760 d.
1781 2703 1809 2758 d.
1822 2703 1867 2758 26.
1882 2703 1964 2758 Mart.
1978 2703 2005 2761 b.
2020 2723 2045 2764 a.

1317 2853 1539 2936 Venerabili
1564 2854 1642 2927 uiro
1669 2849 1875 2954 Georgia
1900 2853 2244 2948 Buchoitacro,

1340 2957 1550 3060 praeposito
1566 2955 1779 3032 Berlincnsi
1787 3017 1798 3048 ,
1824 2959 1944 3033 amico
1959 2985 2028 3034 suu
2043 2959 2217 3050 colendo,

1284 3099 1332 3187 S.
1381 3107 1603 3183 Commendo
1626 3109 1690 3180 tibi
1712 3109 1892 3182 doctorem
1917 3105 2100 3182 Ioannem
2126 3105 2274 3186 Punic-

1203 3256 1212 3272 ·
1285 3237 1390 3298 num,
1423 3211 1595 3302 insignem
1622 3211 1817 3294 medicum,
1854 3225 1890 3288 et
1909 3227 2126 3306 compatrem
2153 3243 2272 3290 meum

1224 3356 1232 3373 ·
1286 3313 1550 3398 charissimum,
1564 3312 1624 3407 qui
1640 3306 1825 3384 haaadlert
1842 3313 1976 3384 literas:
2003 3315 2033 3386 is
2048 3317 2171 3389 relicta
2188 3343 2275 3388 con

1286 3415 1440 3500 ditione,
1475 3439 1578 3508 qaram
1599 3409 1658 3483 hic
1679 3414 1786 3484 simul
1810 3415 1848 3483 in
1871 3416 1970 3498 aula,
1997 3413 2210 3504 Academia,
2243 3435 2276 3490 et

1288 3521 1402 3590 tribus
1423 3516 1565 3608 oppidis
1588 3513 1839 3606 amplissimam
1859 3511 2002 3602 hahuit,
2024 3523 2217 3591 revertitur
2239 3523 2277 3591 iu

1290 3617 1539 3700 Germaniam,
1566 3639 1610 3686 ne
1626 3617 1673 3688 sit
1693 3630 1867 3707 spectator
1889 3641 2011 3687 eorum
2036 3645 2127 3714 quae
2149 3619 2209 3692 hic
2232 3625 2277 3692 ab

1291 3721 1334 3792 N.
1358 3721 1461 3789 finnt.
1520 3715 1574 3786 Ex
1598 3741 1639 3786 eo
1661 3718 1757 3786 varia
1781 3741 1967 3807 cognosces
1990 3745 2062 3790 non
2091 3724 2208 3793 solum
2234 3727 2278 3793 de

1291 3821 1480 3897 Ecclesiae,
1501 3813 1709 3910 Academiae
1723 3815 1995 3910 etReipublicae
2012 3835 2152 3893 nostrae
2166 3839 2277 3896 statu:

1379 3921 1483 3989 etiam
1506 3920 1549 3987 de
1572 3915 1762 3990 horrendis
1776 3920 1966 4012 prodigiis,
1991 3947 2081 4014 quae
2098 3925 2280 4018 publicam

1380 4026 1387 4086 t
1422 4021 1529 4090 ‹lubie
1563 4021 1794 4090 calamitatem
1831 4024 2061 4111 portendunt.
2120 4025 2214 4098 Nam
2246 4043 2280 4098 et

1294 4139 1386 4196 terra
1411 4146 1484 4192 non
1510 4121 1693 4213 proculab
1714 4122 1846 4214 oppido
1871 4115 2117 4218 Rosenhurgo
2139 4149 2176 4197 se
2199 4125 2290 4222 ape?

1296 4228 1387 4308 ruit,
1418 4245 1652 4318 magnamque
1674 4221 1746 4292 vim
1775 4222 1868 4313 ignis
1893 4224 2024 4296 emisit:
2062 4241 2098 4298 ct
2121 4229 2160 4297 in
2183 4231 2280 4300 coelo

1296 4328 1415 4419 plures
1440 4325 1530 4394 soles
1554 4323 1754 4415 saepissime
1776 4337 1960 4418 apparent:
1987 4337 2022 4396 et
2042 4327 2081 4398 ln
2097 4333 2281 4402 nonnullis

1297 4429 1384 4500 lacis
1412 4422 1574 4496 homines
1597 4447 1616 4494 a
1641 4425 1784 4496 diabolo
1807 4425 2043 4518 abripiuntur.
2103 4427 2162 4502 Ad
2185 4428 2283 4510 hacc.

1297 4529 1392 4600 varia
1411 4523 1517 4597 hahet
1527 4525 1603 4596 olea
1621 4549 1661 4595 ea
1675 4527 1819 4596 succino
1830 4527 1979 4622 aliisque
1992 4531 2100 4614 ¹rebus
2115 4533 2284 4622 preciosis

1297 4633 1473 4710 conlecta,
1500 4651 1649 4722 quarum
1666 4651 1749 4697 usus
1765 4627 1802 4696 in
1818 4629 1984 4699 curandis
2000 4633 2133 4702 morbis
2149 4647 2202 4706 est
2217 4636 2283 4704 mi·

1297 4735 1434 4803 rihcus:
1463 4731 1545 4798 item
1563 4729 1658 4798 varia
1676 4722 1783 4799 habet
1795 4753 1922 4817 genera
1937 4731 2117 4802 rariorum
2133 4735 2283 4826 piscium

324 4881 389 4936 gom
409 4867 549 4918 nostrum,
570 4849 644 4922 quod
664 4851 766 4900 rituum
787 4859 927 4897 sacrorum
946 4839 1094 4893 formulam
1116 4855 1137 4894 a.
1151 4835 1247 4889 bitur·
1299 4833 1455 4922 depicta:
1470 4853 1560 4922 qnae
1575 4830 1604 4897 al
1623 4829 2149 4916 1101118118νὶ16616,01111113[1δὶ
2166 4851 2285 4907 oslen-

325 4931 397 5005 giam
419 4923 572 4996 approbare
597 4915 732 4984 uoluerit,
764 4913 827 4966 aede
849 4907 1002 4980 Episcopali
1026 4923 1107 4977 quam
1124 4905 1248 4986 Llodco.

325 5001 385 5074 piae
401 4997 523 5057 tenebat,
544 5007 586 5046 an.
605 4985 679 5040 1576.
694 5003 753 5038 ease
770 4990 892 5064 motum,
910 4985 936 5028 et
959 4975 1097 5028 Pastorem
1116 4973 1248 5052 Nacopiae

325 5085 383 5122 esse
400 5070 555 5117 mortuum:
574 5073 603 5109 ex
620 5055 718 5124 quibus
732 5051 840 5122 quidem
856 5043 1013 5114 Adeluugna
1026 5043 1162 5096 emendari
1184 5051 1249 5111 pot-

326 5149 375 5192 est.
410 5131 531 5197 (Luna.)

290 5223 319 5290 2)
336 5221 379 5277 Ile
396 5219 533 5272 Montano
549 5207 613 5280 quid
629 5204 731 5262 sactum
747 5203 798 5270 ait,
818 5217 873 5256 nort
887 5203 1002 5254 canant.
1038 5191 1155 5262 (Luna.)

290 5311 319 5374 6)
338 5303 431 5358 recte?

292 5394 321 5461 4)
343 5391 425 5442 larua.
440 5394 531 5452 cipro
547 5390 585 5434 ut.

1300 4935 1371 5006 det.
1420 4929 1543 5025 Neque
1559 4933 1835 5022 praetermittere
1850 4933 1969 5014 volui,
1995 4935 2082 5028 quin
2102 4961 2182 5008 cum
2203 4939 2283 5008 illuc

1403 5109 1520 5121 mmo—-

1286 5144 1298 5158 .-
1337 5192 1365 5258 6)
1385 5189 1472 5250 Kord.
1486 5193 1578 5257 enirn:
1597 5187 1750 5248 armando.

1337 5295 1366 5363 6)
1388 5293 1446 5348 cta.
1467 5309 1549 5363 aupra
1571 5289 1755 5344 testimonium
1776 5289 1977 5364 Christophoro
1999 5293 2030 5349 Li
2052 5299 2128 5369 petrei
2149 5317 2195 5357 an.
2216 5299 2288 5356 1646.

1373 5363 1475 5416 datum.
1510 5357 1573 5424 (L.)
1590 5385 1627 5400 -
1661 5357 1751 5414 Locus
1765 5371 1806 5416 eat
1819 5362 1848 5416 ia
1862 5361 1978 5418 Homeri
1993 5365 2020 5420 0
2040 5364 2145 5439 yae-„sl
2158 5370 2219 5430 270.
