4682 5822
76 253 144 342 aa
626 230 1067 334 urtsrouauuu
1117 251 1336 351 uruxn.
1388 250 1519 330 asos.
2025 253 2100 331 ase

75 427 163 502 diosc
177 430 502 524 obtemperaturum
517 449 602 500 esse.
653 423 760 520 Apud
780 453 846 500 nos
863 427 902 500 in
919 425 1059 501 Acade-
1111 431 1191 496 arte
1208 417 1373 511 iocandi,
1399 440 1438 498 ut
1453 423 1583 508 videas,
1610 447 1676 494 nos
1689 425 1727 494 in
1744 421 1801 500 bis
1814 427 1965 500 miseriis
1979 441 2096 498 tamen

76 533 154 613 mia,
182 530 246 602 Dei
265 527 587 617 beneficio,adhuc
611 531 803 606 mediocria
827 545 912 603 sunt
925 532 1058 602 doctri·
1111 529 1394 622 aequabilitatem
1435 525 1564 608 animi,
1609 523 1685 596 Deo
1727 529 1887 616 iuvante,
1932 531 2095 602 retinere.

75 633 273 714 uaestudia,
294 647 327 704 et
346 659 411 704 vox
428 635 608 704 doctrinae
625 636 862 728 cademquam
879 633 1058 720 audivisti,
1109 627 1221 720 Saepe
1244 631 1338 721 enim
1363 629 1450 700 illud
1479 627 1610 716 cogito:
1641 627 1700 718 ‚itti
1725 631 2012 721 maledicebant,¹
2031 655 2094 721 ego

73 736 295 826 utetscripta
311 737 514 808 ostendunt.
566 731 676 806 Mitto
700 729 1056 824 igitannurratio-
1108 745 1225 799 autem
1261 734 1417 802 orabam.
1491 727 1590 798 Bene
1622 729 1719 815 vale,
1762 733 1940 804 carissime
1976 735 2095 827 irater.

73 857 145 904 nem
161 831 441 928 Solomonis*).
494 837 615 907 Audio
630 832 720 906 mihi
735 839 906 930 quosdam
920 839 1055 908 bellum
1107 833 1169 906 20.
1190 831 1294 908 Maii.

73 937 228 1008 illaturos
241 934 323 1032 napi
338 931 503 1038 ἀνάγκης
515 942 686 1032 στωϊκῆς,
714 941 810 1030 quod
825 937 856 1006 si
869 941 1057 1025 moverint,
1801 930 2004 1030 Philippus.

73 1039 204 1124 iudico,
229 1064 286 1108 me
302 1037 377 1110 Deo
400 1055 435 1112 et
448 1038 627 1112 Ecclesiae
643 1041 772 1110 debere
794 1033 861 1108 hoc
886 1041 1056 1124 officium,

72 1141 359 1212 utdelirameuta
386 1143 639 1213 contumeliosa
673 1155 795 1212 contra
819 1139 935 1211 Deum
959 1137 1063 1212 relu-'

72 1257 149 1314 tem.
200 1238 279 1312 Oro
297 1257 414 1314 autem
430 1242 561 1314 Filium
586 1243 657 1314 Dei
672 1243 872 1314 Dominum
895 1260 1055 1316 nostrum

73 1341 183 1414 lesum
195 1339 635 1424 Christnm‚'erucifixnm
655 1369 717 1436 pro
735 1344 889 1415 uobiset
908 1345 1056 1416 resusci-
1121 1349 1315 1426 Nastos
1799 1355 1802 1360 ’
1938 1360 2092 1430 tulisti.
2166 1340 2173 1350 ’

19 1492 26 1520 ,
74 1457 190 1525 tatum,
214 1459 254 1514 ut
269 1469 334 1514 nos
347 1449 530 1537 gubernet.
562 1443 661 1516 Beue
677 1446 763 1516 vale.
796 1443 864 1516 Die
879 1447 942 1522 20.
953 1447 1054 1520 Maii.
1111 1448 1321 1483 Μ’
1955 1451 2092 1522 '‘t''

74 1543 175 1622 Anno
195 1545 306 1624 1⁵55
1397 1556 1510 1674 Cpb.
1541 1559 1800 1648 Pannonio.

1177 1731 1271 1790 anta
1285 1732 1386 1810 am..
1400 1755 1428 1809 p.
1441 1738 1490 1794 ιιι
1504 1759 1546 1814 ις.
1563 1749 1590 1795 a
1606 1736 1692 1812 epac
1708 1736 1757 1795 ns.
1771 1737 1807 1793 v.
1823 1755 1850 1812 p.
1860 1737 1912 1794 asa
1923 1759 1966 1814 a.

74 1888 262 1965 Ncottr.
877 1895 1055 2018 Q·
1286 1901 1642 2012 Christophoro
1667 1905 1914 1985 Pannonio
2010 1862 2015 1877 ι

73 1989 266 2022 m

396 2075 526 2161 lusto
557 2075 730 2164 Menio,
1108 2063 1158 2152 S.
1184 2075 1228 2153 D.
1261 2077 1463 2150 Clarissime
1478 2079 1551 2166 vir,
1577 2096 1610 2152 et
1625 2073 1830 2150 charissime
1845 2081 1965 2155 irater.
1997 2079 2093 2152 Lan·
2153 2053 2163 2078 ’

133 2231 408 2306 †(Erautoqrapbo
426 2233 492 2289 Mel.
506 2233 534 2286 in
550 2234 612 2289 cod.
626 2231 723 2290 llautb.
740 2233 886 2306 „Litterae
903 2230 1057 2305 theologor.
1108 2185 1154 2252 do
1187 2183 1350 2300 equidem
1383 2182 1735 2302 ὓωάἰὸιῃοδυοωω
1771 2181 2006 2302 militorum&
2030 2185 2093 2278 qui

157 2301 515 2372 ,secxvttotxvnsp
553 2303 612 2374 [0.]
1108 2297 1209 2354 tuum
1230 2281 1436 2353 Ciceronem
1457 2285 1560 2352 avnle
1587 2295 1759 2356 emerunt.
1817 2285 1935 2377 Atque
1954 2299 2091 2355 utinam

784 2385 787 2390 ’
1107 2397 1178 2454 tam
1195 2385 1297 2454 avide
1315 2385 1434 2474 legant
1450 2397 1483 2453 et
1503 2385 1667 2474 relegant.
1708 2383 1778 2455 Sed
1797 2397 1912 2454 tamen
1929 2387 2093 2477 optarim,

1108 2501 1141 2556 ct
1158 2486 1262 2556 nobis
1281 2487 1416 2580 aliquot
1428 2487 1584 2577 exempla
1599 2487 1717 2556 relicta
1733 2510 1816 2555 esse.
1850 2481 2003 2556 Unicum
2019 2501 2094 2558 erat

1107 2589 1303 2684 reliquum,
1329 2589 1423 2682 quod
1440 2588 1623 2662 mittimus.
1667 2588 1720 2658 Ae
1736 2588 1928 2678 bibliopola
1943 2577 2093 2659 Conra-

1108 2685 1177 2760 dus
1204 2685 1320 2760 adbuc
1346 2689 1486 2781 Lipsiae
1520 2684 1625 2762 habet
1653 2687 1793 2759 circiter
1817 2689 1964 2780 viginti,
2002 2715 2093 2784 quae

76 2779 118 2866 S.
143 2791 187 2863 D.
237 2791 447 2866 Reverende
459 2794 516 2862 vir
533 2806 566 2863 et
584 2791 763 2860 carissime
783 2793 900 2865 frater.
942 2787 1057 2860 Valde
1107 2817 1188 2862 cum
1215 2791 1319 2862 allata
1342 2791 1494 2878 luerint,
1528 2791 1593 2860 tibi
1616 2792 1808 2864 mittemus.
1861 2791 2092 2864 investibulo

75 2911 223 2987 optarem
241 2891 414 2964 Ecclesias
430 2894 621 2963 mediocria
638 2892 835 2990 Halcyonia
850 2893 1001 2961 retinere
1019 2893 1057 2960 in
1107 2907 1159 2964 est
1175 2893 1321 2986 epistola
1335 2895 1378 2961 ad
1398 2883 1650 2962 Coscielicium
1667 2905 1729 2962 tuo
1744 2893 1888 2962 nomine
1903 2917 1922 2963 a
1937 2913 1993 2966 me
2005 2895 2093 2964 seri·

76 2993 125 3066 his
140 2997 345 3088 regionibus
362 3011 393 3066 et
416 2997 504 3066 utile
525 3009 598 3064 erat
615 3011 735 3064 eontra
753 2995 969 3064 adversarios
992 3018 1058 3063 nos
1107 3009 1184 3087 pta,
1210 3018 1316 3088 quam
1332 3019 1377 3062 an
1394 2995 1543 3080 videris,
1568 2997 1697 3068 nescio.
1739 2990 1885 3066 Rectius
1902 3010 1999 3082 esset,
2026 3021 2094 3065 no-¹

75 3101 166 3170 velut
193 3101 480 3198 ovyapotetopqi,
516 3099 685 3190 quasdam
717 3095 931 3167 offensiones
953 3096 1057 3166 dissi-
1105 3111 1212 3166 stram
1241 3095 1395 3166 ieiunam
1421 3097 1670 3190 praefationem
1699 3119 1772 3164 non
1802 3119 1876 3166 esse
1904 3099 2093 3189 praelixam

74 3201 213 3275 molare.
267 3199 342 3270 Hac
368 3195 454 3268 hoca
479 3225 520 3268 ex
543 3191 673 3291 Praga
696 3199 827 3268 litteras
851 3198 986 3289 accepi,
1019 3198 1057 3266 in
1107 3215 1186 3271 tuae
1209 3197 1423 3279 narrationi,
1456 3223 1535 3268 cum
1565 3222 1640 3268 nun
1658 3198 1785 3268 referat
1809 3210 1891 3268 tuae
1921 3201 2093 3270 orationis

76 3303 198 3394 quibus
218 3301 436 3390 significatur
457 3301 508 3377 ibi
526 3303 699 3395 quosdam
715 3297 740 3394 ¹)
762 3301 798 3368 in
825 3300 1058 3370 concionibus
1105 3302 1270 3372 nitorem.
1320 3296 1370 3370 Et
1392 3301 1572 3370 volueram
1595 3326 1614 3372 a
1639 3315 1672 3371 te
1693 3299 1791 3391 prius
1813 3301 1932 3370 omnia
1953 3301 2093 3393 inspici.

75 3405 274 3487 vociferari,
301 3403 381 3472 ideo
399 3403 551 3472 Mariam
569 3419 603 3474 ct
618 3404 706 3471 alios
721 3397 883 3471 homines
904 3403 942 3470 in
960 3402 1056 3470 coelo
1106 3403 1173 3472 Sed
1190 3396 1386 3486 Petaurus,
1411 3415 1450 3471 ut
1465 3403 1611 3492 opinor,
1638 3394 1857 3494 typographo
1872 3395 2009 3472 chartas
2023 3405 2093 3471 mi·

74 3505 225 3575 viventes
242 3506 460 3574 invocandos
474 3527 563 3588 esse,
586 3506 667 3597 quia
683 3505 776 3574 lilius
792 3527 864 3572 non
882 3505 928 3573 sit
946 3505 1057 3571 inter·
1106 3503 1153 3572 sit
1170 3527 1190 3572 a
1212 3517 1246 3572 te
1270 3526 1343 3572 nou
1367 3503 1549 3593 inspectas.
1599 3501 1707 3572 Mitto
1724 3501 1790 3571 tibi
1813 3503 1999 3592 epistolam
2011 3527 2091 3574 meo

76 3629 183 3676 cessor
205 3631 245 3675 ac
267 3620 404 3675 tantum
429 3606 648 3674 invocandus
669 3607 713 3675 sit
731 3618 770 3674 nt
791 3619 904 3696 pater;
931 3605 1056 3674 omitto
1105 3604 1250 3674 nomine
1271 3605 1434 3694 scriptam
1449 3598 1490 3699 *)
1514 3607 1557 3674 ad
1583 3593 1853 3688 Coscielicium,
1891 3627 1997 3697 quam
2023 3606 2094 3694 legi

75 3707 147 3781 alia.
199 3707 382 3777 Adversus
397 3707 520 3777 talium
541 3704 696 3775 bostium
713 3708 846 3776 rabiem
862 3728 929 3774 nos
949 3731 1058 3798 opor·
1106 3719 1180 3775 ate
1203 3705 1304 3788 volo,
1329 3729 1386 3789 ac,
1411 3705 1442 3772 si
1464 3707 1656 3790 iudicabis,
1681 3705 1890 3776 mittendam
1913 3707 1969 3775 vel
1992 3701 2093 3774 exhi-

75 3821 118 3879 tet
130 3809 416 3880 coniunctionem
435 3821 592 3878 nostram
608 3808 720 3898 tueri,
753 3828 865 3900 eoque
888 3802 1056 3878 hactenus
1106 3808 1259 3876 bendam
1282 3828 1372 3890 esse,
1396 3807 1610 3896 obsignabis.
1663 3807 1769 3876 Mitto
1793 3819 1828 3877 et
1851 3808 2020 3898 pagellas,
2052 3809 2091 3876 in

74 3911 261 3982 multorum
293 3911 485 3980 virulentas
524 3909 718 3978 calumnias
757 3911 910 3979 refutare
945 3909 1056 3984 nolui.
1106 3909 1236 4003 quibus
1252 3922 1303 3977 est
1325 3907 1493 3998 praefatio
1508 3932 1584 3978 mea
1597 3901 1680 4004 περὶ
1702 3904 1940 4003 adspernatione
1960 3921 1994 3979 et
2014 3905 2092 4002 Hy-

76 4011 139 4082 Sed
154 4039 236 4082 curn
254 4026 373 4102 aperte
389 4005 476 4080 mihi
495 4011 627 4080 bellurn
641 4014 736 4082 dere
753 4035 876 4102 magna
895 4011 1058 4094 inferent,
1107 4011 1221 4080 menei
1252 4031 1404 4080 carmen.
1459 4006 1557 4080 Bene
1589 4011 1685 4096 vale,
1725 4023 1759 4080 et
1792 4011 1955 4084 rescribe.
2022 4007 2091 4080 Die

75 4111 142 4184 Deo
163 4115 328 4198 iuvante,
361 4137 436 4182 non
460 4114 646 4183 defuturus
669 4135 747 4182 sum
778 4112 928 4184 veritati.
984 4111 1057 4181 Nec
1106 4113 1165 4186 20.
1188 4111 1290 4185 Maii.
1327 4107 1450 4182 -Anno
1479 4107 1613 4184 Christi
1638 4102 1822 4203 1555‘*).

76 4217 224 4305 prolecto
241 4227 301 4284 aut
315 4213 572 4284 coniurationis
593 4215 803 4304 potentiam,
829 4229 890 4284 aut
911 4213 1058 4305 adplau-

76 4339 143 4402 sus,
168 4340 258 4412 quos
274 4316 312 4384 iu
330 4316 420 4386 aulis
435 4311 585 4396 babent,
610 4329 741 4391 metuo.
791 4313 953 4386 Ventura
971 4315 1057 4384 ecli-

77 4419 141 4507 psis
172 4417 360 4488 denuntiat
388 4417 471 4488 talia
501 4419 704 4493 certamina.
764 4417 833 4488 Sed
853 4421 957 4508 signa
989 4419 1057 4486 alia

76 4533 152 4590 sunt
171 4521 379 4605 illustriora,
405 4516 549 4588 Cainica
564 4519 733 4588 acerbitas
746 4521 839 4599 odii,
866 4521 1057 4610 petulantia
1106 4514 1172 4586 No.
1188 4510 1302 4582 5789.
1936 4520 2093 4592 mildi.
2154 4571 2168 4583 .

77 4618 295 4710 ingeniorum
318 4635 352 4692 et
383 4621 522 4690 inscitia
547 4622 759 4703 multorum3
794 4615 883 4712 ἡδὲ
907 4615 1058 4710 ἀμαθία
1115 4607 1288 4636 ”N
1944 4614 2082 4642 Μ

77 4717 206 4805 θίασος
225 4715 469 4823 ἀπεργάζεται
487 4718 529 4817 ²).
580 4721 689 4791 Mitto
711 4721 778 4790 tibi
796 4721 957 4791 libellum
972 4715 1001 4816 ³)
1017 4715 1059 4788 de
1118 4785 1123 4792 ,
1316 4709 1561 4826 Philippo,
1589 4710 1797 4823 Landgr.
1824 4713 1893 4810 H„

1124 4857 1129 4891 ¹
1171 4885 1198 4956 ’τ
1216 4865 1312 4938 uiant

75 2435 279 2512 Reverendo
301 2439 396 2525 viro,
421 2433 624 2510 eruditione
647 2448 679 2508 el
702 2438 830 2510 virtute
847 2439 1061 2538 praestanti

74 2542 121 2614 D.
146 2541 283 2614 Iusto
308 2539 486 2620 Manio,
524 2539 674 2639 pastori
697 2539 887 2612 Ecclesiae
913 2539 992 2614 Da·
1017 2543 1057 2614 c'n

212 2641 301 2715 urbe
317 2638 464 2730 Gotho,
481 2640 610 2742 srulrc'
621 2665 689 2713 suo
705 2641 909 2722 carissimo.

108 4953 136 5025 ἵ)
159 4953 331 5024 „Explicatio
348 4955 568 5038 'proverbiorum
596 4952 778 5012 satomoniae’
814 4953 905 5012 Viteb.
927 4952 1002 5010 1⁵⁵5.
1033 4957 1059 5012 8.
1210 4955 1245 5010 ab
1260 4955 1302 5012 ΙΙΙ.
1314 4885 1494 5014 Memmi-e
1497 4883 1623 5006 him?
1636 4883 1731 4943 'rahni'
1745 4883 1827 4944 mm·
1843 4885 1942 4945 cnud·
1958 4891 2093 5012 dumph

139 5023 262 5078 Primum
276 5023 413 5094 prodient
424 5027 554 5082 tactum
567 5045 592 5082 a.
604 5025 714 5080 sustu·
1395 5069 1400 5091 ,
1462 5071 1468 5081 ,

1212 5097 1252 5110 ,ι
1385 5071 1624 5112 .·”ιί

1117 5113 1328 5126 *ομ-.-

109 5109 304 5179 Uesuuium.
351 5165 355 5173 ,
665 5147 669 5158 .
863 5141 867 5153 .
903 5151 913 5170 „
1651 5180 1654 5192 ⁹

107 5191 285 5312 '’dall’‘
304 5191 370 5246 *²²⁶⁶
385 5191 521 5248 ”””·
537 5215 541 5220 ·
558 5163 603 5244 ⁰²·
620 5188 745 5276 ‘⁹³¹¹·.²‘¹
761 5186 1060 5280 utrumnam.
1134 5201 1307 5312 attis...
1321 5191 1387 5291 alt.
1401 5185 1826 5305 t.t.'va'....1..'..·..÷.·..1.
1840 5207 1897 5292 ..a
1912 5237 2002 5294 ...n
2016 5205 2098 5303 a...

109 5343 137 5406 8)
155 5345 293 5398 Hottbr'ne
311 5345 402 5406 Delri',
431 5343 474 5400 eui
499 5341 649 5416 praemissa
675 5353 715 5398 est
741 5341 853 5415 praelat.
875 5341 1008 5400 Melautb.
1028 5344 1062 5398 dc
1179 5303 1690 5418 '‘dmm'‘⁸d1'1”⁰'‘⁸¹‘⁰·⁸⁸‘“⁸'

143 5413 317 5482 &tertullo
424 5432 454 5448 ··
987 5475 993 5484 ,
1146 5411 1193 5484 fl)
1212 5407 1296 5464 Saub.
1310 5403 1404 5472 tosa,
1422 5401 1510 5457 Manl.
1525 5411 1626 5459 rectius
1640 5397 1729 5466 165⁵».

1452 5470 1539 5548 st·

490 5166 494 5174 ι
