4714 5832
813 185 1308 270 ANNALESMIT'ME
1338 187 1473 270 MEL.
1523 187 1658 270 toto.

792 395 890 453 Audiit
907 395 1015 462 mutulo
1032 392 1185 450 mareotem
1202 397 1231 446 et
1248 397 1369 462 meane
1385 397 1456 464 ruri,
1486 415 1491 424 ⁴

863 486 898 536 Et
915 481 1008 548 paruit
1024 482 1152 534 tremitur
1168 483 1282 534 carim
1298 481 1381 534 turba
1402 494 1478 537 auor.

656 589 661 598 ·
792 569 871 620 ilaue
891 573 920 619 et
938 567 962 617 ie
980 566 1048 618 tetri
1066 571 1166 630 raptae
1184 567 1394 620 cacodaemonis
1412 571 1490 619 aetra
1573 557 1577 563 ’

862 649 980 707 strmxlt
998 650 1027 702 ln
1046 655 1193 716 regnaturo
1210 653 1345 706 beroam
1366 662 1445 703 erne
1462 663 1565 706 ιιιιιιι.

792 737 852 789 iiou
871 737 1012 802 eoetueut
1029 737 1113 792 tertie
1130 741 1260 804 generari
1277 741 1380 792 latomo
1397 736 1512 794 Polouli

864 821 917 873 llio
936 821 1035 874 etenim
1053 834 1069 872 a
1087 825 1184 874 vestra
1200 825 1330 874 'armato
1347 827 1429 890 gente
1445 824 1506 888 luit.

794 905 866 970 Quid
881 911 964 972 eaput
981 910 1031 959 boo
1048 911 1172 957 ranetam
1192 905 1240 958 tibi
1258 909 1377 960 barbare
1395 907 1499 960 ieoemt
1517 911 1616 973 boetia,

868 995 909 1046 Ile
927 1003 979 1056 qao
993 992 1054 1044 iure
1072 995 1163 1055 poteri
1180 1005 1258 1046 nemo
1275 993 1388 1044 terente
1405 989 1503 1058 querit

793 1077 852 1130 lion
874 1081 967 1128 ιιιιιιιι
985 1080 1033 1128 aut
1050 1076 1159 1127 animae
1176 1078 1272 1130 mmor
1293 1083 1342 1130 aut
1360 1079 1387 1130 iu
1406 1089 1523 1141 corpore
1540 1077 1616 1132 riree

865 1161 1005 1211 manarum
1025 1173 1189 1224 ounreeanm
1210 1163 1363 1214 deetliuere
1380 1165 1464 1216 deone

796 1245 927 1308 Reppulit
944 1244 1044 1296 obiecti
1063 1245 1118 1296 vim
1137 1250 1243 1298 tautam
1261 1249 1380 1300 verbere
1397 1249 1455 1315 pili,

864 1329 1007 1394 Obviaque
1025 1331 1178 1384 innumeris
1198 1333 1297 1384 iotibua
1314 1343 1395 1384 arma
1411 1335 1481 1386 tulit

797 1419 834 1467 At
851 1419 899 1467 toa
916 1417 945 1465 te
963 1416 1091 1466 Nemesin
1109 1418 1223 1470 maritae
1242 1423 1270 1470 te
1291 1419 1318 1470 tn
1337 1423 1458 1480 tempore
1476 1428 1581 1480 poenae

869 1499 995 1566 impulit,
1014 1501 1125 1552 iutuetle
1143 1516 1212 1568 quae
1229 1505 1299 1556 eolat
1316 1517 1380 1555 eeee
1398 1515 1499 1558 comen

799 1587 873 1650 argo
890 1583 963 1636 omui
980 1595 997 1636 a
1016 1588 1118 1650 populo
1137 1590 1284 1640 danuam
1303 1587 1363 1639 iure
1380 1587 1470 1653 toleti,

865 1669 934 1720 ilum
953 1668 1039 1722 terme
1056 1673 1134 1724 naxia
1153 1673 1267 1724 obrutae
1285 1671 1422 1723 exulabis.

798 1749 898 1804 Gratia
917 1752 956 1803 eit
973 1754 1102 1822 cbristo,
1123 1757 1169 1822 qut
1187 1770 1276 1821 parvo
1294 1757 1322 1808 in
1340 1769 1454 1820 corpore
1471 1767 1587 1822 magone

866 1837 978 1888 Militiae
999 1847 1095 1894 eareat
1113 1843 1237 1892 membra
1254 1843 1347 1894 dicata
1364 1853 1441 1892 eoae.

803 1923 881 1985 Quot
899 1921 925 1972 el
942 1921 1000 1974 vim
1018 1924 1171 1987 reprimere
1188 1926 1281 1978 virtue
1299 1911 1628 1990 incorporeitatem,

870 2005 979 2058 Proelia
995 2008 1020 2058 ei
1038 2011 1121 2062 iortle
1139 2010 1205 2061 talia
1224 2011 1321 2078 dextra
1337 2011 1422 2062 lauit:

800 2089 870 2152 Quid
888 2089 974 2141 iaoiee
993 2093 1083 2145 animo
1102 2095 1258 2158 blaspheme
1277 2099 1306 2147 at
1323 2095 1405 2157 impie
1423 2089 1518 2148 livori

866 2174 918 2226 llio
939 2177 1052 2238 plenum
1069 2177 1174 2232 invioto
1191 2179 1300 2232 numine
1318 2183 1402 2233 robur
1417 2173 1527 2232 tubat?

288 2297 322 2356 7,
359 2279 514 2357 Crucigeri
528 2275 626 2334 filiam
639 2267 817 2333 Melanthea
832 2271 1023 2333 commendat
1039 2267 1170 2354 Georgia
1183 2275 1340 2356 Fabricio,
1367 2287 1397 2336 et
1411 2271 1540 2337 Paulam
1555 2268 1727 2336 Lutherum
1743 2269 1822 2355 Regi
1837 2269 1962 2335 Dareine.

264 2415 323 2478 21,
358 2397 455 2462 Mittit
478 2393 582 2453 amicis
603 2393 753 2472 pagellam
774 2388 811 2448 de
836 2393 1011 2470 genealogia
1031 2385 1162 2470 Christi,
1196 2395 1246 2455 oui
1269 2395 1369 2455 addite
1389 2405 1459 2453 eunt
1481 2393 1626 2474 quaedam
1641 2394 1677 2454 de
1695 2396 1830 2473 gentium
1844 2395 2018 2454 nominibus
2031 2405 2061 2454 et
2077 2397 2263 2476 originibus:

411 2491 654 2664 ,ὀῗιῖιιιιιιιιιιιῑ
675 2503 734 2556 oon
756 2490 811 2650 buli
832 2484 1146 2651 1ἣὶιιᾶῑιιιιιιιριιτίῐιί
1177 2491 1234 2558 tab
1237 2488 1261 2556 ei
1284 2493 1346 2574 iub
1369 2487 1455 2557 oieiet
1475 2486 1587 2556 attio
1608 2494 1668 2559 uite
1691 2491 1811 2558 ilatum
1833 2493 1895 2557 aab
1916 2490 2065 2576 umbrans
2089 2493 2265 2580 ιιιιιιιιίςι]ν

497 2617 518 2678 p
547 2595 639 2661 d.13
671 2607 701 2654 et
720 2600 766 2660 22
813 2613 831 2650 u

269 2737 327 2799 24
361 2715 472 2782 Soribit
484 2713 523 2774 ad
539 2713 711 2774 amioumt'
718 2729 804 2790 „ego
818 2711 852 2768 in
868 2707 927 2769 hoo
945 2723 1028 2770 aeota
1043 2709 1173 2772 duorum
1187 2712 1336 2772 mensium
1351 2729 1445 2792 paene
1459 2713 1640 2788 extinguar,
1664 2732 1720 2774 meo
1736 2713 1821 2774 uibar
1833 2711 1931 2774 habeo
1951 2736 2007 2776 neo
2022 2729 2131 2796 pamm
2147 2731 2285 2778 naturae,

411 2837 495 2881 meae
506 2809 766 2879 eonvenientem.”

268 3004 327 3137 13:
362 3053 491 3118 Sabinae
505 3049 633 3113 mittitur
650 3048 766 3127 legatae
784 3041 821 3103 ad
836 3039 952 3124 Regem
968 3039 1125 3105 Paionion.

237 3323 240 3335 =
294 3309 329 3372 9,
363 3289 461 3354 Mittit
474 3283 548 3349 illei.
563 3303 683 3346 norman
696 3281 734 3341 do
747 3281 871 3340 nomine
884 3274 1066 3358 Margareth.

364 3405 495 3472 Lithiaai
507 3403 641 3478 laborat,
668 3401 721 3483 qui
735 3396 857 3456 morbus
872 3391 1041 3457 Camerario
1060 3417 1182 3480 quoque
1195 3397 1339 3458 molestae
1353 3409 1407 3457 eet.

323 3585 330 3602 ,
364 3522 620 3604 Ambergeneibae
636 3537 721 3580 suam
736 3515 840 3576 eoribit
856 3515 1033 3574 sententiam
1047 3513 1083 3574 de
1097 3514 1195 3574 i'orma
1215 3515 1401 3596 agendorum
1418 3535 1587 3594 sacrorum,
1614 3538 1706 3600 quam
1722 3517 1933 3602 Witebergam
1954 3528 2103 3587 miserant.

364 3643 475 3708 Probet
487 3640 673 3721 euppliaium
688 3635 725 3695 de
741 3629 866 3695 Serreto
884 3626 1022 3693 Gamerae
1036 3643 1201 3712 sumptum.
1254 3629 1331 3693 Vid.
1345 3637 1436 3694 etiam
1454 3655 1501 3715 ep.
1520 3633 1548 3696 d.
1572 3639 1630 3701 10.
1648 3632 1731 3717 Aug.

274 3777 331 3842 28,
366 3761 479 3825 Ultima
493 3753 699 3818 Melanthonie
717 3753 806 3833 epist.
824 3747 861 3809 ad
875 3745 970 3810 Mioh.
987 3745 1220 3830 Meienburgam
1233 3754 1391 3810 eeuiorem.

367 3877 493 3944 laoobue
508 3871 649 3954 Ruugiue
671 3871 732 3931 hoo
752 3889 853 3928 meuea
861 3873 951 3927 evenit
966 3847 1194 3945 Wiiebergam,
1221 3871 1329 3928 ιιιίιιιιι
1351 3889 1369 3926 ι
1383 3863 1470 3928 Duae
1484 3862 1698 3949 l'omerauiae,
1723 3887 1759 3934 ut
1780 3869 1983 3940 Melanthouir
2005 3877 2152 3938 iadloium
2175 3883 2275 3943 audiat

418 3981 456 4044 de
469 3977 679 4042 oantrovaraiie
694 3976 727 4032 in
743 3967 877 4031 Euoleeia
890 3965 1084 4029 Pomeranioa
1098 3970 1228 4048 agitatio.
1282 3966 1331 4032 ci.
1346 3992 1393 4052 ep·
1411 3974 1469 4038 26·
1487 3965 1559 4031 Oet.

305 4231 337 4291 2.
371 4214 547 4282 Melanthum
563 4209 702 4274 mandato
716 4208 826 4287 aooipit
840 4207 876 4264 ub
890 4200 1048 4280 Electore,
1074 4215 1109 4264 ut
1120 4225 1150 4264 ιι
1164 4225 1233 4264 oum
1247 4209 1306 4266 elio
1323 4203 1445 4268 iiootore
1459 4203 1614 4289 Lipeieuei
1625 4207 1761 4269 conferat
1774 4205 2044 4292 Norinbeegemad
2056 4219 2278 4298 oomponend„

422 4319 466 4378 ibi
480 4315 697 4377 ooutrorereiae
713 4331 752 4370 ex
768 4305 913 4371 Oeioudri
926 4311 1071 4368 uenientia
1087 4319 1177 4370 ortae.

373 4429 502 4496 Ineunte
517 4431 577 4492 hoo
592 4449 694 4489 manea
709 4429 837 4487 moritur
851 4421 946 4486 Mieh.
966 4421 1160 4500 Meienharg,
1188 4428 1295 4484 consul
1308 4421 1535 4488 Nordhboonua.

308 4559 343 4623 5.
375 4549 553 4615 Melanthum
565 4548 691 4608 remittit
706 4539 832 4606 Senatui
848 4541 1028 4623 Augustono
1042 4542 1228 4624 agendorum
1240 4560 1391 4630 taurorum
1408 4544 1535 4606 formam
1551 4545 1607 4616 sibi
1627 4546 1757 4606 ιιιίιιιιιι.

335 4719 344 4738 .
378 4667 526 4745 Sabinae,
550 4661 756 4727 Melantbonio
772 4679 879 4740 gener,
905 4672 950 4720 eet
966 4665 997 4719 in
1014 4651 1179 4722 Aoahemie
1194 4659 1455 4723 Franooi'ordiauo.

310 4795 345 4856 9.
377 4783 555 4849 Melanthum
570 4793 614 4842 eoi
629 4775 790 4840 Delmino
804 4776 843 4836 od
858 4779 1097 4856 componendam
1112 4783 1198 4840 litem
1211 4775 1369 4840 Paetorum
1383 4774 1619 4842 Serreeteooiuut
1634 4777 1853 4842 daiui'autibue
1864 4799 1927 4842 nom
1942 4783 2107 4863 bept'mtin,
2176 4854 2181 4860 .

235 4911 347 4972 18
379 4901 578 4968 Melanthum
568 4913 679 4960 aterum
692 4907 736 4960 eet
751 4891 990 4974 Witebergae.

287 5015 347 5092 14.
381 5019 528 5102 Queriner
541 5013 737 5088 Melanthum,
763 5015 905 5095 epistolae
920 5029 989 5073 auae
1002 5013 1143 5093 iutereipi
1155 5031 1172 5072 a
1185 5009 1344 5072 Flauianis.

246 5147 350 5201 tomi?
383 5139 471 5202 lutea
493 5131 639 5196 Eleotarie
661 5131 857 5210 proiioieoitur
873 5126 1111 5210 Norinbergam‚
1137 5131 1298 5250 comitibus
1317 5125 1473 5190 Ioaohimo
1499 5121 1685 5204 camerano,
1712 5125 1888 5192 Alexandro
1905 5128 2032 5213 Aleria,
2055 5082 2202 5209 ΙΜιιιιὶιίο
2220 5139 2283 5202 He-

433 5243 517 5319 liugo
533 5247 563 5297 et
577 5230 686 5293 laoobo
702 5225 837 5310 Rungio.
1500 5257 1503 5264 ·

294 5365 351 5429 26.
383 5352 499 5417 Diebus
517 5355 687 5421 26-80.
703 5343 825 5429 septbr.
841 5362 911 5410 sunt
928 5311 1101 5429 congregeris
1091 5294 1347 5429 Thaalogorum
1361 5341 1604 5424 Noriubergee.
