4682 5822
78 187 150 269 tta

79 367 258 443 invocant.
320 361 441 441 Huius
468 359 605 460 lllyrici
629 355 792 434 loannis
812 351 1072 458 Drugretii⁰)

80 470 227 566 patriam
250 459 433 556 Crisium,
464 491 572 566 quam
602 465 826 558 gubernasti,
859 490 939 538 curn
960 462 1073 535 Tucci

50 637 54 646 .
82 583 243 656 teneant,
269 571 342 664 ipse
357 565 523 640 Ioannes
541 569 586 640 ad
605 581 639 642 te
660 569 884 662 potissimum
908 567 1072 641 accedere

82 675 251 758 decrevit,
275 696 380 768 quern
394 673 461 746 scit
474 673 598 744 dolore
615 671 787 762 singulari
803 669 905 742 adlici
926 681 1073 762 propter

80 773 746 954 tt.”litttttlttt‘tmtlttl
760 771 1072 968 itittltttt]

80 977 198 1068 Quare
221 991 255 1050 te
276 1003 361 1060 oro,
386 992 426 1050 ut
450 971 535 1050 huic
559 977 655 1048 exuli
681 1001 784 1072 opem
808 977 912 1052 feras.
965 971 1019 1044 lta
1037 985 1073 1044 et

80 1081 144 1152 tibi
166 1081 276 1152 leniet
296 1079 393 1152 Deus
423 1094 502 1152 tuos
525 1079 678 1150 dolores.
734 1076 832 1148 Bene
858 1091 892 1148 et
920 1076 1071 1147 feliciter

79 1183 166 1259 vale.
209 1181 251 1254 ln
265 1183 354 1254 festa
370 1181 491 1252 lacobi
504 1180 669 1276 Apostoli
685 1181 748 1252 lilii
766 1179 942 1251 Zebedaei
958 1191 992 1251 et
1005 1175 1071 1251 Sa-

79 1284 208 1368 lomes,
234 1280 342 1356 Anno
361 1279 470 1358 1555.

602 1379 791 1478 Philippus
812 1377 1036 1454 Melanthum

89 1609 285 1626 ——1-

78 1753 142 1829 No.
159 1753 272 1831 5819.

79 1851 288 1884 m

938 1761 993 1829 26.
1011 1753 1070 1822 tut.

947 1848 1061 1874 a

429 1941 499 2028 M.
529 1941 721 2030 Collina.

182 2121 208 2191 a
226 2118 262 2174 a.
280 2135 375 2190 apog..
392 2116 420 2172 a
440 2115 503 2173 aa.
524 2115 607 2171 aa.
624 2114 662 2170 o.
682 2116 715 2170 ι.
733 2117 803 2176 54¹.

101 2247 602 2357 MatthaeaColiiaa,
647 2275 685 2355 ia
720 2271 922 2348 Academia
950 2265 1046 2346 Pra-

514 2376 632 2476 gensi.

80 2514 126 2604 S·
151 2529 197 2602 D.
247 2525 451 2602 Clarissima
466 2529 524 2598 vir
537 2543 572 2601 et
585 2529 703 2602 cariss.
719 2529 838 2601 irater.
876 2525 974 2599 Tuas
985 2521 1071 2598 har-

78 2633 218 2702 monias
236 2633 320 2701 dedi
343 2625 583 2726 typographo,
607 2644 647 2702 ut
671 2653 712 2700 ex
735 2631 846 2702 literis
872 2653 994 2700 eorum
1013 2630 1071 2700 in-

79 2735 235 2824 telliges,
266 2735 397 2828 quibus
421 2736 585 2804 mandata
610 2757 648 2802 ea
672 2737 716 2802 de
739 2757 776 2802 re
799 2732 944 2804 dedisti:
980 2727 1070 2804 hanc

79 2853 193 2908 autern
233 2837 418 2926 epistolam
453 2835 536 2905 dedi
576 2829 659 2920 huic
699 2834 860 2929 illyrico,
899 2826 1073 2904 Iohanni

80 2933 115 3008 Τ
115 2933 283 3032 rugnitio
293 2933 339 3035 ¹),
367 2961 471 3031 quem
488 2931 578 3006 mihi
596 2935 912 3026 Argentoratenses
928 2935 957 3030 ²)
972 2961 1070 3006 com-

79 3044 304 3112 mendarunt.
355 3035 449 3110 Dedi
472 3039 504 3108 ei
519 3039 636 3108 cibum
658 3035 726 3108 hoc
743 3061 878 3122 mense,
903 3051 937 3108 et
951 3037 1070 3108 dedis-

80 3166 148 3212 sem
164 3142 321 3226 diutius,
345 3141 376 3211 si
392 3142 431 3210 in
451 3141 563 3210 literis
579 3143 769 3233 procedere
783 3153 909 3230 posset.
946 3140 1069 3211 Iudico

79 3269 150 3316 non
166 3267 241 3316 esse
257 3244 389 3314 malurn
410 3239 608 3327 hominem,
627 3243 687 3312 sed
705 3255 755 3312 est
772 3235 977 3338 ὀψιμαθής,
1005 3267 1070 3313 nec

80 3347 180 3418 initio
199 3346 325 3416 didicit
339 3345 601 3434 grammaticen.
650 3341 744 3414 Dedi
760 3344 792 3414 ei
806 3344 1005 3432 consilium,
1030 3357 1070 3416 ut

80 3454 200 3518 redeat
219 3449 258 3517 in
276 3471 314 3518 ea
337 3448 433 3530 loca,
458 3447 519 3516 ubi
546 3447 666 3535 lingua
685 3447 761 3518 eius
782 3447 1011 3536 intelligitur,
1036 3459 1072 3518 et

80 3552 209 3621 serviat
242 3549 347 3623 alicui
382 3543 561 3618 Ecclesiae
596 3549 635 3618 in
671 3549 831 3619 docendo
863 3544 1070 3637 Evangelio.

80 3648 157 3738 Ait,
191 3675 229 3721 se
250 3675 323 3722 esse
350 3644 579 3742 posthumum
601 3665 635 3720 et
659 3649 809 3741 patriam
833 3671 929 3718 nunc
958 3647 1069 3720 teneri

80 3777 98 3824 a
121 3754 265 3828 Tuccis.
324 3751 483 3843 Quaeso,
522 3765 562 3822 ut
585 3751 662 3824 istic
682 3747 870 3843 hospitalia
893 3751 1008 3822 officia
1036 3749 1070 3818 ei

81 3857 190 3926 tribui
208 3879 325 3934 eures.
358 3869 400 3924 ut
423 3853 595 3946 proficisci
615 3851 789 3924 Viennam
810 3854 931 3944 possit.
983 3850 1070 3922 lude

80 3957 194 4030 iturus
209 3959 312 4028 estad
322 3949 508 4026 Thamara
516 3947 740 4050 Nadasci³),
754 3953 956 4026 Palatinum
969 3955 1069 4044 regni

80 4057 297 4151 Hungarici,
330 4058 393 4152 qui
416 4057 627 4148 gubernavit
657 4053 763 4128 huius
786 4051 987 4150 Trugnicii
1008 4081 1071 4148 pa·

81 4163 197 4236 triam.
248 4163 334 4232 ldeo
356 4162 457 4232 etad
480 4158 681 4232 Palatinum
706 4157 809 4228 illurn
831 4159 952 4228 literas
975 4159 1069 4232 dedi.

79 4259 232 4346 Poterit,
257 4278 297 4332 ut
312 4285 433 4354 spero,
458 4261 498 4330 in
514 4257 670 4332 Ecclesia
684 4261 802 4354 aliqua
819 4257 971 4332 Diaconi
989 4285 1071 4330 rnu-

81 4389 163 4435 nere
180 4365 281 4456 iungi
299 4365 336 4432 in
354 4388 392 4434 ea
409 4365 543 4453 lingua,
569 4387 659 4456 quae
675 4363 707 4432 ei
722 4362 909 4434 familiaris
925 4376 985 4438 est.
1023 4360 1072 4434 Et

81 4466 182 4540 initia
205 4466 387 4553 doctrinae
401 4461 588 4553 Evangelii
604 4462 849 4553 argentorati,
875 4465 939 4534 ubi
959 4465 1071 4537 trien-

81 4569 139 4640 nio
155 4582 395 4640 commoratus
409 4581 471 4654 est,
496 4565 631 4640 didicit.
660 4563 758 4636 Bene
774 4582 808 4638 et
820 4565 968 4636 feliciter
982 4565 1070 4637 vale.

81 4665 146 4742 Die
163 4657 304 4758 iacobi,
332 4665 444 4744 1555.

84 4837 290 4854 m

115 4949 143 5009 ί)
163 4942 228 5001 Vid.
246 4963 287 5020 ep.
306 4963 363 5017 req.
381 4941 414 4998 sd
432 4939 619 4996 vincentium.

117 5051 143 5117 1)
164 5047 235 5103 Vide
253 5063 296 5118 ep.
314 5045 528 5100 antecedentem.

112 5151 144 5218 Ξ)
167 5151 273 5226 Apogr.
292 5151 564 5218 Argentoratenres,
580 5163 611 5198 er
629 5141 740 5198 mendo.

115 5253 144 5323 8)
160 5249 279 5308 Nadasti.

84 5455 257 5521 llrcsrru.
278 5450 383 5516 Orrn.
410 5447 492 5511 Vos.
508 5439 624 5534 Vlll.⁸

544 271 546 278 ,
645 181 1085 300 prrsroaaaust
1136 179 1351 296 staua.
1403 181 1536 260 cass.

2026 185 2115 277 ,614

1449 539 1544 628 Aa.
1572 541 1787 656 Aquilae.

1188 702 1263 772 sse
1280 719 1375 776 apogr.
1394 701 1423 758 lo
1443 703 1513 759 cod.
1531 702 1616 759 Paris.
1634 701 1671 758 D.
1684 701 1713 761 l..
1726 705 1789 761 54⁴.

1941 457 2113 486 Μ

1120 851 1281 934 Clariss.
1297 857 1375 930 vira
1397 853 1600 930 eruditione
1614 868 1646 930 et
1664 858 1793 930 virtute
1804 859 2031 957 praestanti,
2056 857 2111 935 D.

1122 955 1297 1031 Adamo
1321 958 1526 1060 Aquilae
1551 955 1858 1081 Lithameriensi,
1889 959 2018 1060 sratri
2042 987 2111 1032 suo

1553 1086 1681 1140 carrss.

1121 1195 1169 1286 S.
1192 1208 1236 1282 D.
1287 1207 1479 1282 Custodem
1505 1208 1683 1283 Ecclesiae
1706 1237 1789 1284 strae
1816 1213 1929 1286 lilium
1949 1211 2016 1286 Dei
2043 1211 2110 1310 ada

1120 1305 1233 1412 λόγον
1252 1309 1316 1384 καὶ
1337 1307 1462 1386 εἰκόνα
1485 1309 1610 1386 cil'deou
1626 1311 1752 1388 ἀϊδίου
1775 1311 1933 1412 πατρὸς,
1959 1341 2043 1401 oro,
2070 1332 2110 1389 ut

1122 1428 1154 1486 te
1177 1427 1211 1484 et
1227 1416 1336 1486 multa
1354 1419 1448 1485 bona
1475 1417 1615 1506 ingenia
1630 1435 1744 1490 servet
1762 1429 1795 1487 et
1811 1441 1873 1487 vos
1888 1430 2047 1511 protegat
2070 1418 2110 1488 in

1120 1516 1288 1586 omnibus
1320 1517 1504 1608 perieulis,
1541 1519 1645 1588 etiam
1676 1519 1713 1588 in
1744 1519 1803 1589 lue
1831 1514 1890 1589 hic
1918 1532 2110 1610 grassante.

1120 1615 1240 1688 Audio
1258 1630 1292 1687 et
1308 1617 1557 1710 aliampestem
1573 1618 1704 1710 Pragae
1720 1622 1888 1712 grassari,
1911 1614 2110 1718 sindremont

1119 1723 1188 1792 τοῦ
1202 1714 1315 1800 κυνὸς
1329 1715 1450 1812 ὄνομα
1465 1713 1613 1814 ἐχόντος
1626 1718 1673 1818 *).
1714 1722 1863 1793 Videbis
1879 1737 1912 1792 et
1926 1723 2108 1818 aliquanto

1119 1837 1199 1914 post
1222 1819 1394 1892 'l'urcicos
1418 1822 1589 1892 exercitus
1620 1823 1767 1916 propius
1796 1846 1993 1895 accessuros
2024 1847 2109 1900 esse.

1121 1921 1161 1994 lu
1183 1919 1238 1992 his
1252 1923 1358 1994 tantis
1375 1925 1554 1994 aerumnis
1569 1921 1760 1997 Ecclesiam
1774 1927 1813 1996 in
1828 1921 1894 1996 hac
1909 1925 2035 1996 mundi
2052 1949 2109 1997 se-

1120 2039 1220 2096 necta
1245 2051 1320 2096 nnn
1343 2025 1435 2096 sinat
1459 2027 1552 2094 tilius
1567 2024 1634 2096 Dei
1659 2029 1780 2101 deleri.
1833 2025 1941 2098 Mitto
1956 2028 2024 2098 tibi
2045 2051 2108 2120 pe-

1120 2129 1245 2218 gellas‚
1272 2127 1459 2220 inquibus
1483 2129 1705 2220 genealogiae
1721 2127 1854 2202 Christi
1873 2129 1995 2198 addidi
2022 2155 2109 2222 qua-

1119 2235 1272 2299 rundam
1289 2230 1446 2318 gentium
1464 2231 1634 2318 origines,
1660 2235 1722 2300 ubi
1744 2233 1837 2302 etde
1856 2229 2003 2300 Henetis
2019 2235 2110 2312 dico,
2133 2285 2138 2296 .

1120 2356 1272 2425 quorum
1289 2353 1350 2398 vos
1367 2331 1494 2419 posteri
1512 2332 1603 2404 ostis.
1644 2331 1742 2403 Bene
1758 2333 1852 2412 vale,
1878 2347 1911 2404 et
1927 2333 2109 2404 rescribite

1120 2436 1165 2504 ad
1181 2457 1246 2504 uos
1261 2431 1411 2525 saepius.
1462 2429 1583 2502 Pridie
1601 2430 1677 2508 Cal.
1694 2431 1857 2526 Augusti.

1861 2530 2059 2628 Philippus.

1125 2753 2108 2772 Wq—-ffl

1119 2905 1186 2980 No.
1203 2905 1317 2980 5821.

1127 3002 1299 3032 Μ

1366 3087 1507 3178 Hanc.
1540 3113 1571 3170 a
1600 3085 1867 3175 Witzledea.

1223 3267 1307 3340 Epist.
1326 3265 1373 3323 tib.
1388 3265 1421 3320 V.
1439 3283 1466 3339 p.
1479 3265 1532 3320 sto
1539 3283 1599 3338 sqq.

1340 3421 1544 3495 Hearica
1569 3447 1595 3493 a
1630 3419 1892 3500 Wizleben.

1121 3561 1333 3648 Clarissima
1349 3572 1422 3656 vir,
1449 3572 1635 3642 nobilitate
1657 3573 1795 3660 generis
1812 3589 1845 3646 et
1864 3575 1994 3646 virtute
2013 3601 2113 3670 prae-

1121 3695 1225 3749 stans.
1277 3673 1368 3744 Cum
1394 3675 1466 3764 ipse
1495 3673 1601 3756 scias,
1631 3687 1804 3765 quantum
1830 3688 1864 3744 et
1886 3675 2051 3768 privatim
2080 3695 2114 3752 et

1122 3779 1261 3872 publice
1283 3775 1417 3868 prosit,
1449 3775 1580 3844 multos
1600 3773 1639 3844 in
1663 3775 1790 3844 ordine
1810 3790 1926 3848 vestro
1949 3781 2113 3852 doctrina

1122 3885 1312 3951 instructos
1330 3901 1422 3961 esse,
1448 3876 1572 3946 omitto
1598 3877 1740 3965 longam
1759 3871 1822 3948 hac
1840 3882 1883 3948 de
1900 3904 1938 3948 re
1958 3906 2114 3952 commc-

1123 3983 1376 4064 morationem,
1409 3991 1545 4050 tantum
1567 3981 1726 4067 gratulor
1746 3974 1803 4048 his
1819 3981 2024 4070 regionibus
2045 4009 2114 4054 no-

1122 4086 1248 4156 bilium
1274 4083 1434 4151 virorum
1457 4081 1710 4162 eruditionem,
1742 4095 1776 4150 et
1797 4083 1968 4171 egregiam
1993 4084 2030 4154 in
2056 4086 2113 4157 iu-

1122 4186 1248 4280 vandis
1267 4183 1450 4256 doctrinae
1468 4183 1606 4254 studiis.
1660 4180 1745 4250 Tibi
1760 4183 1865 4252 etiam
1883 4183 2114 4273 gratiam-ha-

1122 4293 1208 4374 beo,
1241 4289 1336 4382 qarod
1363 4281 1501 4356 Iacobo
1523 4277 1703 4354 Fabricio
1725 4283 1919 4374 opitulatus
1943 4310 1989 4362 es.
2041 4287 2113 4360 Nec
2171 4285 2173 4291 ⁴

1124 4417 1206 4461 vero
1225 4391 1369 4471 dubito,
1395 4388 1433 4454 iu
1458 4381 1525 4456 hoc
1548 4384 1716 4454 beneficio
1736 4387 1873 4466 (lando,
1901 4382 1992 4458 hanc
2015 4403 2113 4460 tuam

1123 4495 1230 4564 inisse
1255 4491 1491 4571 voluntatem,
1516 4499 1556 4557 ut
1578 4485 1630 4556 ibi
1653 4485 1800 4556 serviret
1816 4487 2008 4582 aliquando
2026 4489 2113 4566 Rei-

1125 4593 1306 4688 publicae,
1332 4589 1394 4659 ubi
1409 4587 1604 4682 plurimum
1622 4590 1787 4680 prodesse
1804 4591 1945 4680 poterit.

1227 4707 1391 4798 intelligo
1407 4719 1538 4792 autem,
1564 4704 1727 4774 incidisse
1740 4705 2048 4793 deliberationem,
2066 4735 2113 4780 an

1125 4807 1305 4882 Eblebios
1319 4811 1462 4892 doceat,
1483 4831 1529 4877 an
1546 4832 1629 4878 vero
1646 4809 1817 4897 gubernet
1838 4805 1994 4880 scholam
2007 4803 2113 4882 Rus-

1126 4913 1215 4985 tebit
1245 4915 1283 4982 in
1316 4910 1460 5004 praedio
1488 4923 1549 4979 tuo
1581 4922 1661 4979 ate
1687 4907 1882 4984 fundatam.
1938 4907 2113 4983 Existimo

1125 5031 1260 5099 autem,
1292 5027 1326 5084 te
1349 5035 1572 5106 nequaquam
1597 5023 1810 5101 anteponere
1836 5007 1991 5082 scholam
2015 5015 2113 5084 illam

1125 5135 1221 5192 tuam
1245 5116 1402 5208 cognatis
1420 5109 1611 5198 Eblebiis,
1646 5112 1776 5206 quibus
1802 5115 1939 5204 generis
1962 5113 2115 5208 dignitas

1940 2910 2103 3030 aa

1126 5272 1350 5290 Μ

1159 5363 1190 5432 ¹¹¹)
1210 5359 1345 5434 Loquitur
1363 5357 1397 5414 ds
1416 5355 1537 5414 cantata.

1539 5429 1589 5504 58
