4712 5828
804 193 1246 276 EPISTOLARUM
1300 201 1407 282 ΗΒ.
1437 203 1521 286 llll.
1571 205 1706 285 teat.

241 369 396 440 ordinati
429 367 646 450 ministerio,
698 381 730 438 ct
767 369 873 442 [acciat
914 382 957 440 ut
990 371 1036 442 sit
1067 373 1228 446 salutare.
1281 395 1345 466 ego
1369 373 1460 446 istuc
1486 377 1725 468 accessissem,
1758 385 1820 454 sed
1840 375 1948 458 hodie
1968 409 2027 458 me
2053 389 2183 464 retinet
2206 396 2272 465 de·

241 471 360 562 Ipsum
386 470 489 540 etiam
516 464 702 539 Andream
727 463 946 542 Gothaaum
979 489 1015 567 ct
1032 474 1228 546 Ecclesiam
1279 473 1858 572 sponsatiololeaarrisLatlteri,
1883 513 1948 560 uec
1962 503 2121 581 poteram
2141 489 2272 568 habere

241 597 340 643 suam
355 566 559 656 hortamur,
579 585 620 642 ret
637 573 818 644 doctrinae
833 576 1025 664 puritatem
1042 577 1228 648 retineant.
1280 579 1458 668 aurigam,
1493 606 1573 652 cum
1600 583 1748 676 plurimi
1775 586 1846 661 iam
1876 591 1923 660 ad
1956 607 2152 666 urercatuur
2173 595 2273 668 Nao-

241 672 334 744 Vere
358 673 454 742 enim
482 673 534 747 ibi
559 689 609 744 cst
630 669 786 744 Ecclesia
810 673 898 762 Dei,
931 679 992 748 obi
1027 694 1129 750 sonat
1159 703 1228 748 vox
1279 677 1489 769 burgeirsem
1521 684 1801 776 proficiscantur.
1864 687 1918 762 Te
1951 717 2099 786 quaeso,
2132 709 2173 768 ut
2204 695 2273 771 hos

240 771 427 866 Evangelii
446 775 670 868 incorrupta,
697 801 778 846 vere
796 778 845 848 ibi
865 779 924 850 dat
938 777 1034 850 Deus
1049 793 1226 850 aeternam
1278 773 1434 872 hospites
1455 784 1510 854 tui
1531 787 1811 876 amantissimos,
1841 793 2003 884 excipias.
2060 793 2180 868 Hodie
2205 825 2273 872 are»

241 875 416 948 iusticiam
437 889 472 950 et
494 877 619 962 vitam,
652 901 734 948 vere
757 881 898 951 exaudit
922 896 956 952 et
976 883 1149 972 gubernat
1169 881 1226 950 in·
1279 882 1353 952 divi
1370 877 1609 956 Marchionis
1625 882 1772 960 Altera·
1784 895 1974 964 exercitum
1989 899 2112 968 esseio
2130 903 2273 972 ditione

242 991 407 1048 vocantes
440 979 573 1069 ipsum,
604 979 742 1069 mitigat
765 981 871 1051 ctiam
902 989 1089 1054 aerumnas
1119 979 1226 1052 huius
1278 981 1550 1075 Brunsvicensi,
1579 1002 1613 1058 ct
1630 1014 1776 1081 magnas
1790 995 2006 1066 vastationes
2022 999 2147 1074 lacere.
2188 999 2274 1074 om

241 1081 353 1166 vitae,
386 1093 421 1151 et
453 1081 492 1148 in
520 1081 572 1150 ira
606 1081 812 1152 recordatur
843 1083 1105 1155 misericordiae
1133 1109 1227 1154 suae.
1277 1085 1388 1156 lilium
1404 1088 1531 1173 dei,ut
1547 1091 1657 1163 leniat
1669 1116 1814 1186 poenas.
1849 1093 1948 1168 Bene
1963 1100 2040 1170 vale
2056 1115 2089 1172 et
2103 1105 2274 1180 rescribe.

243 1179 364 1270 Quare
386 1181 520 1275 inquit:
555 1179 594 1253 Si
622 1183 820 1254 manseritis
843 1185 881 1254 in
898 1211 953 1256 me
972 1201 1006 1256 et
1022 1187 1127 1258 verba
1149 1211 1226 1256 mea
1278 1187 1336 1258 dic
1349 1187 1467 1264 XXV.
1482 1187 1589 1266 lunii.

242 1283 282 1352 in
298 1283 399 1353 vobis
412 1283 624 1370 manserint,
649 1285 824 1379 quidquid
840 1288 1025 1358 volueritis
1047 1290 1171 1380 petetis
1192 1301 1227 1358 et

242 1383 302 1454 fiee
317 1384 429 1456 vobis.
479 1383 675 1455 Hortamur
689 1385 794 1456 etiam
808 1411 885 1471 cos,
908 1403 948 1460 ut
965 1390 1036 1462 sint
1053 1413 1225 1462 memores

241 1485 417 1578 praecepti
445 1479 579 1565 divini,
612 1489 657 1558 de
674 1489 937 1574 ¹coniunctione
967 1505 1003 1562 et
1035 1493 1223 1563 concordia
1305 1542 2269 1578 ..Ἢ

242 1609 321 1658 curn
337 1587 415 1656 aliis
431 1584 599 1658 Ecclesiis
615 1601 708 1660 reete
724 1591 957 1662 sentientibus
979 1597 1130 1680 tuenda,
1156 1595 1224 1664 sic-

239 1702 281 1758 ut
295 1689 464 1780 scriptum
480 1703 548 1762 cst:
585 1683 605 1759 ὃ
621 1685 709 1770 θεὸς
723 1683 848 1787 ἀγάπη
865 1691 959 1779 ἐστι,
986 1691 1049 1766 καὶ
1062 1691 1082 1767 ὃ
1097 1691 1225 1788 μένων
1275 1696 1340 1771 Νο.
1355 1695 1467 1775 5632.
1960 1725 2018 1791 25.
2034 1717 2106 1788 lun.
2134 1725 2181 1806 (h.
2194 1749 2223 1792 e.
2235 1725 2271 1826 Ρ)

237 1786 358 1962 ἱνύτῖῇ
391 1783 537 1889 ἀγάπῃ,
571 1789 611 1862 ἐν
633 1795 689 1888 τῷ
710 1791 791 1889 θεῷ
811 1789 913 1886 μένει
935 1790 1041 1868 καὶὸ
1069 1792 1159 1879 θεὸς
1184 1797 1223 1872 ἐν
1280 1793 1492 1836 ”⁹⁹
1539 1902 1595 1990 Io
1639 1819 2248 2002 Amtgrodamrm

310 1916 448 2063 ῳῦεῑηο
470 1992 704 2086 Witebergae
731 1991 838 2068 Anno
870 1995 984 2076 1554·
1042 1997 1111 2072 Die
1135 2003 1222 2076 festo
1342 2053 1365 2124 †
1375 2053 1569 2182 ἔφη
1583 2063 1647 2120 eod.
1661 2062 1748 2120 Goth.
1761 2066 1823 2129 189.
1843 2089 1891 2126 uo.
1913 2073 1957 2128 39·
1975 2086 2004 2130 a
2023 2075 2086 2134 ωδ·
2102 2078 2187 2138 Μ
2207 2081 2265 2137 188.

238 2089 409 2164 Iohannis
423 2092 615 2188 Baptistae.

454 2234 458 2242 ⁴
542 2196 668 2268 Pastor
707 2192 887 2270 Ecclesiae
919 2197 985 2272 Dei
1021 2202 1060 2272 in
1091 2203 1222 2295 oppido

542 2296 716 2370 Samma,
739 2297 990 2391 wipha-330,
1031 2319 1065 2376 οι
1096 2307 1221 2376 mm,
1275 2273 1442 2376 Egregia
1456 2283 1592 2382 pietate
1604 2299 1639 2360 et
1651 2287 1821 2365 doctrina
1836 2295 2028 2394 praedito,
2045 2298 2074 2374 I
2079 2299 2147 2376 oh.
2157 2305 2267 2380 Am.

546 2399 700 2474 ministri
724 2397 913 2494 Evangelii
939 2405 978 2473 in
1004 2408 1127 2476 eadem
1150 2403 1222 2479 Ec·
1270 2379 1557 2471 ⁸¹“0d0m02
1585 2386 1728 2466 d⁰⁶ffl¹i
1747 2393 1999 2494 Evangelt'unl
2023 2404 2063 2476 in
2086 2403 2265 2482 Ecclesia

545 2501 660 2572 etesia,
1446 2481 1657 2578 Bremerrsi,
1684 2497 1804 2570 ame'co
1819 2523 1887 2572 suo
1902 2498 2096 2579 carissimo

474 2595 653 2672 Iohannes
672 2599 913 2698 Bugeuhagen
931 2603 1060 2678 Pomer
1075 2605 1122 2680 D·

2014 1314 2218 1414 Philippos.

1271 2611 1320 2702 S.
1344 2628 1390 2706 D.
1440 2633 1484 2709 N.
1501 2651 1655 2710 veterem
1678 2647 1848 2734 amicum,
1869 2649 1985 2722 virum
2009 2657 2202 2746 prudentia
2230 2675 2265 2733 et

560 2751 566 2759 -
595 2753 629 2829 1·
655 2749 816 2832 Timothd
840 2755 878 2834 4·
1271 2729 1400 2802 virtute
1415 2735 1540 2809 eximia
1556 2745 1772 2834 praeditum,
1787 2748 1927 2820 invitus
1949 2765 2021 2824 tam
2036 2757 2106 2827 cito
2129 2759 2264 2838 dimisi.

1270 2829 1339 2902 Sed
1354 2835 1426 2906 lrui
1442 2841 1573 2912 nostris
1587 2845 1751 2918 amicitiis
1767 2848 1807 2918 iu
1824 2845 1889 2921 hac
1906 2853 1977 2923 vita
1993 2879 2068 2926 non
2085 2883 2168 2929 vere
2180 2887 2264 2954 pos-

1270 2956 1409 3016 samus,
1432 2940 1593 3014 fruemur
1604 2948 1711 3038 paulo
1727 2963 1806 3042 post
1820 2955 1913 3044 apud
1929 2949 2131 3047 Christum,
2145 2963 2262 3034 lilium

1272 3035 1362 3122 Dei,
1394 3037 1433 3106 in
1455 3049 1712 3120 consuetudine
1739 3047 1991 3144 prophetarum
2015 3071 2051 3130 ct
2077 3067 2262 3154 apostolo-

283 3215 453 3263 manuum
470 3206 588 3265 coetus
602 3195 781 3267 seniorum
1269 3159 1368 3221 rum,
1391 3163 1481 3232 quos
1496 3147 1650 3244 prolecto
1666 3175 1742 3223 non
1756 3155 1850 3224 visos
1869 3169 1987 3228 tamen
2010 3163 2262 3238 ardentissime

540 3297 543 3306 ,
655 3293 721 3367 lh
847 3295 879 3370 F
1046 3295 1092 3378 n
1269 3238 1389 3328 diligo.
1441 3241 1588 3316 Interim
1607 3256 1812 3338 vcro,dum
1829 3255 1867 3326 in
1883 3253 1950 3328 hac
1965 3261 2093 3334 militia
2111 3289 2186 3336 uua
2201 3291 2262 3337 su-

653 3323 695 3470 l?
710 3321 834 3472 filum
878 3315 1032 3373 ⁰f⁸²⁰f¹¹³
1269 3363 1365 3424 mus,
1389 3353 1553 3418 tueamur
1566 3375 1777 3425 consensum
1792 3372 1971 3444 nostrum,
1994 3363 2059 3456 qui
2075 3379 2172 3438 certe
2187 3369 2261 3439 uti—

905 3529 907 3532 ·
1270 3439 1313 3510 lis
1332 3455 1386 3513 est
1400 3439 1587 3527 Ecclesiae.
1638 3451 2057 3549 Hancobcausarnscis,
2082 3489 2141 3536 me
2166 3472 2260 3540 arni-

649 3493 808 3668 ffilfirsd
855 3597 931 3672 Ml
960 3496 1027 3672 (Ili
1053 3497 1117 3598 S.)
1268 3542 1368 3612 citias
1399 3547 1540 3636 piorum
1563 3556 1751 3628 doctomm
1782 3560 1955 3651 singulari
1980 3567 2099 3637 studio
2127 3571 2260 3654 colere,

649 3624 876 3773 εεέἐεῐῖξξίω
890 3617 1096 3776 ἑέζέὶεῗιῒδ
1113 3704 1167 3782 Μ.
1268 3643 1362 3715 inter
1374 3669 1464 3740 quos
1478 3664 1512 3721 te
1527 3669 1672 3748 propter
1687 3660 1854 3732 eximium
1868 3676 1969 3734 tuum
1985 3669 2198 3758 candorem,
2223 3687 2260 3746 et

651 3799 683 3874 L
782 3800 818 3874 Η
956 3803 1010 3878 Μ
1267 3745 1354 3815 alias
1378 3753 1533 3842 egregias
1561 3758 1671 3828 animi
1692 3761 1793 3832 dotes
1824 3763 1894 3834 iarn
1928 3765 2016 3836 olim
2049 3773 2259 3864 complexus

666 3827 766 3882 fleat
821 3829 940 3878 efflui
1265 3869 1355 3918 sum.
1413 3847 1556 3925 Gratias
1581 3855 1657 3930 Deo
1686 3883 1849 3952 agamus,
1888 3867 1985 3960 quod
2010 3869 2148 3964 aliquas
2179 3898 2258 3947 sec·

1265 3962 1323 4016 vet
1338 3940 1375 4043 *)
1409 3945 1586 4027 Ecclesiae
1611 3962 1779 4057 reliquias
1811 3980 1846 4038 et
1873 3967 2031 4042 reddidit
2057 3973 2175 4046 lucem
2200 3977 2259 4048 sui

1265 4045 1463 4139 Evangelii.
1518 4055 1638 4144 Hanc,
1663 4077 1704 4134 ut
1725 4067 1959 4152 retineamus,
1989 4083 2025 4142 et
2049 4079 2259 4148 communi·-

240 4202 305 4276 ΝΟ·
325 4201 439 4280 5631.
998 4135 1001 4140 ’
1267 4151 1331 4220 bns
1348 4175 1413 4222 nos
1427 4158 1519 4228 votis
1534 4173 1568 4231 et
1589 4163 1733 4236 cacteris
1757 4168 1882 4240 osliciis
1898 4171 2110 4262 invitemus,
2137 4179 2257 4252 sicubi

347 2884 503 2959 Attende
524 2855 688 2978 lectioni,
713 2885 954 2966 adhortationi
978 2908 1013 2968 et
1028 2895 1220 2970 doctrinae.

283 2987 337 3058 Ne
358 2989 512 3080 negligas
535 2993 690 3079 donum,
713 2995 809 3085 quod
828 2991 867 3064 in
891 3010 926 3072 te
941 3010 1012 3081 est,
1037 3001 1133 3092 quod
1155 3001 1219 3068 da-

191 3137 195 3148 ·
285 3103 361 3160 tum
387 3107 439 3162 est
460 3090 527 3163 tibi
554 3117 618 3186 per
642 3089 865 3188 prophetiam
889 3122 971 3169 curn
993 3099 1220 3194 impositione

229 4044 341 4058 Ἥ.

231 4298 443 4340 Μ
959 4297 962 4304 .
1044 4303 1214 4338 soa„
1264 4253 1615 4342 prodesseEcclesiae
1630 4289 1826 4358 possumus.
1858 4266 1907 4342 Et
1922 4297 2126 4369 quanquam
2144 4305 2256 4352 mun-
2350 4287 2351 4354 l

480 4403 516 4490 I
893 4407 904 4431 ‚
1262 4353 1330 4422 dus
1344 4355 1504 4452 undique
1516 4367 1737 4454 concutitur,
1758 4383 1876 4443 tamen
1889 4370 1967 4444 Deo
1982 4399 2085 4449 curae
2102 4383 2172 4452 erit
2187 4407 2253 4456 sua

509 4408 632 4492 ossele.
662 4405 942 4496 conserano.

288 4579 374 4653 apta.
387 4579 575 4641 ,gemm
593 4583 691 4654 ΡΜ
709 4585 766 4650 (gg,
781 4585 871 4645 [ωδ.
889 4587 936 4644 gg,
952 4585 998 4645 pv,
1016 4604 1058 4662 ep.
1073 4589 1158 4663 82⁵4.
1261 4578 1347 4645 pura
1364 4581 1431 4628 vox
1446 4557 1633 4657 Evangelii
1656 4585 1768 4642 sonat.
1819 4571 1916 4645 Beue
1931 4579 2020 4650 vale.
2069 4579 2252 4656 Postridie

1261 4447 1434 4547 Ecclesia,
1459 4485 1550 4556 quac
1565 4481 1660 4538 certe
1673 4493 1847 4565 nusquam
1863 4487 1933 4560 est,
1950 4477 2021 4546 nisi
2034 4479 2072 4549 in
2088 4505 2130 4551 eo
2146 4495 2253 4558 coetu
2350 4479 2351 4536 ἶ

1258 4657 1337 4728 lesti
1373 4656 1422 4732 lo.
1459 4661 1656 4760 Baptistae,
1687 4673 1841 4768 collegae
1875 4678 1990 4751 uostri
2024 4679 2065 4751 iu
2097 4707 2251 4759 munem

219 4744 445 4827 Clarissimo
462 4753 540 4838 viro
564 4751 767 4828 eruditione
790 4767 822 4827 et
844 4755 973 4828 virtute
998 4762 1210 4857 praestanti
1257 4762 1471 4850 evangelico.

252 4851 283 4926 I
285 4849 499 4930 oachimo
524 4853 799 4930 Camerario
815 4857 944 4958 fratri
956 4883 1025 4930 suo
1043 4862 1171 4942 cariss.
1944 4905 2038 4983 Phil⁸
2055 4911 2198 4998 Melan·

217 4989 265 5077 S.
289 5005 336 5078 D.
386 5007 471 5080 Post
492 5023 594 5082 tuum
625 5013 693 5084 iter
726 5014 947 5086 advenerunt
975 5011 1045 5082 viri
1075 5015 1201 5106 optimi
1256 5037 1464 5063 ···-·····-·

127 5151 131 5158 -
215 5101 452 5182 Matthesins
465 5125 499 5184 ct
515 5103 684 5210 Caspar,
710 5117 772 5212 qui
787 5127 925 5206 praeest
942 5108 1083 5188 scholae
1103 5117 1200 5190 litte-
1283 5127 1314 5200 t)
1335 5131 1453 5188 seraa?
1486 5129 1731 5194 tornantem.

212 5209 326 5284 cariae
338 5211 377 5283 in
392 5215 484 5285 valle
500 5209 730 5304 loachimica,
750 5217 881 5312 quibus
895 5218 1045 5289 maxime
1058 5233 1196 5310 gratum

208 5310 352 5402 luisset,
385 5309 444 5388 hic
473 5317 661 5395 nobiseum
689 5331 870 5416 utrunque
890 5319 1089 5414 complecti.
1147 5317 1196 5396 Et
