4682 5822
67 249 143 328 aaa
646 247 1079 328 rrrsroranun
1129 231 1348 331 aenan.
1403 253 1533 336 caea.
2027 255 2102 336 aas

63 424 361 520 qnantumpotui
386 435 509 496 nostro
533 425 630 517 gregi
650 419 814 498 hortator
834 426 887 496 foi
902 426 1056 496 tuendae
1110 425 1207 496 nitus
1240 428 1370 498 tradita
1396 441 1465 500 est:
1501 425 1686 524 εὐσεβέων
1710 425 1881 503 παίδεσσι
1912 423 1961 502 cd
1993 419 2099 516 teitu,

64 528 338 601 coniunctionis.
405 527 523 598 Tuam
557 525 749 598 amicitiam
779 529 885 598 etiam
918 551 1056 626 semper
1109 522 1323 625 δυσσεβέων
1339 525 1446 602 d'oe’i.
1472 533 1566 624 quod
1584 533 1623 600 in
1642 531 1782 602 Psalmo
1799 533 1848 601 sic
1863 532 2008 604 dicitur:
2032 551 2098 624 ge·

63 629 273 720 magniloci,
307 641 343 699 et
363 641 448 722 opto
467 643 673 721 perpetuam
698 653 784 705 csse.
841 626 921 700 Etsi
947 630 1056 720 igitur
1109 629 1191 698 neri
1217 637 1391 700 raetorum
1415 626 1651 706 benedicetur.
1707 631 1800 704 Cum
1822 633 1931 722 igitur
1955 645 1991 702 et
2012 653 2097 706 vera

63 733 155 812 scio.
190 727 255 802 has
276 732 433 823 pueriles
455 731 629 822 pagellas,
660 755 751 826 quae
772 745 918 824 propter
938 731 1054 802 studia
1108 733 1236 824 pietate
1250 729 1368 804 Deum
1384 735 1497 820 colas,
1522 748 1557 804 et
1568 731 1737 804 Ecclesiis
1749 735 1965 818 benefacias,
1988 733 2096 803 vicis-

61 832 322 906 adolesceutiae
336 836 513 922 eduntur,
538 857 614 906 uon
630 857 705 905 esse
719 836 843 924 dignas
857 847 916 906 tua
931 831 1055 904 lectio·
1106 834 1174 903 sim
1198 832 1295 904 Deus
1323 836 1516 907 benefaciet
1537 835 1692 906 familiae
1715 850 1813 921 tuae,
1845 849 1897 919 et,
1928 845 1970 905 ut
1991 833 2095 904 vobis

61 959 127 1021 ne,
153 949 275 1008 umen
290 959 348 1006 eas
372 935 610 1008 testificandae
626 961 725 1008 meae
742 937 935 1008 voluntatis
951 957 1053 1008 causa
1107 936 1320 1022 benefaciat,
1346 963 1385 1008 ac
1406 951 1520 1008 servet
1541 951 1575 1007 et
1596 951 1692 1028 regat
1714 939 1829 1008 filium
1843 940 1994 1020 Ionam,
2019 947 2094 1007 toto

59 1037 180 1110 mitto.
246 1035 369 1130 Nuper
400 1037 615 1108 adolescenti
647 1035 845 1112 orationem
879 1041 923 1108 de
955 1033 1054 1108 Duce
1107 1061 1187 1108 cum
1206 1051 1345 1129 pectore
1360 1063 1435 1113 oro.
1475 1037 2096 1126 Indolemfiliiiudicobouamesse,

57 1131 102 1208 F
97 1133 258 1208 riderico
267 1135 293 1234 ¹)
312 1141 414 1224 dedi,
438 1163 545 1233 quam
562 1139 628 1212 tibi
644 1135 803 1211 exhiberi
817 1141 915 1214 iussi.
950 1135 1054 1212 Nunc
1107 1152 1142 1209 et
1162 1141 1263 1210 uolui
1285 1164 1366 1210 mox
1388 1143 1633 1210 commendare
1650 1135 1725 1225 his,
1750 1141 1812 1234 qui
1831 1142 2007 1210 forensem
2029 1139 2097 1208 do-

57 1242 148 1312 alias
166 1242 320 1333 pagellas
336 1243 450 1312 adfert
465 1235 602 1323 Ionas,
629 1242 811 1338 inquibus
831 1241 998 1314 castitatis
1019 1251 1054 1310 et
1106 1241 1256 1312 ctrinam
1281 1241 1357 1311 sinc
1381 1243 1493 1313 literis
1515 1257 1547 1313 et
1573 1241 1755 1314 dialectica
1778 1242 2007 1334 profitentur:
2033 1241 2095 1308 sed

57 1343 220 1434 coniugii
236 1343 586 1416 commemorationes
603 1358 687 1416 sunt
703 1341 752 1440 ²),
777 1367 864 1438 quas
885 1340 1052 1414 instillari
1106 1344 1352 1414 commendavi
1368 1369 1448 1414 eum
1464 1345 1541 1413 viro
1560 1339 1708 1436 honesto
1725 1359 1760 1416 et
1775 1345 1915 1416 erudito
1931 1337 2096 1414 Antania

58 1446 239 1516 iuventuti
253 1445 341 1516 utile
357 1460 424 1530 est;
450 1469 490 1514 ac
510 1445 540 1513 si
556 1446 643 1517 libet
661 1447 915 1538 praefationem
941 1443 1053 1536 inspi-
1113 1439 1310 1524 Waltero‚
1345 1449 1438 1538 apud
1456 1469 1561 1540 quem
1583 1441 1758 1516 habitabit
1774 1457 1808 1514 et
1829 1447 1898 1516 erit
1920 1446 1996 1514 eius
2009 1466 2096 1514 con·

57 1547 143 1619 cias.
196 1543 417 1618 Commendo
433 1559 551 1616 autem
566 1548 633 1618 tibi
650 1543 787 1618 Ionam
802 1545 851 1640 ³),
878 1548 978 1616 cuius
995 1546 1052 1614 in·
1105 1545 1228 1617 victor.
1281 1545 1337 1616 lbi
1355 1549 1497 1640 poterit
1527 1543 1658 1618 habere
1692 1545 1856 1617 exercitia
1887 1547 2095 1616 formandae

55 1649 204 1738 genium
220 1671 323 1740 spero
339 1647 421 1716 usui
438 1649 513 1717 fore
533 1647 759 1742 reipublicae.
805 1647 990 1729 Adfirmat,
1016 1670 1052 1716 se
1104 1647 1294 1733 orationis,
1343 1661 1377 1718 et
1410 1649 1538 1720 ordine
1573 1649 1684 1722 discet
1716 1648 1940 1720 dialecticen:
1974 1659 2095 1738 postea

56 1773 223 1820 normam
240 1749 422 1820 doctrinae
440 1771 579 1840 semper
599 1767 801 1823 secuturum
820 1775 892 1824 esse
910 1747 1053 1847 conses—
1104 1749 1287 1820 transferri
1321 1752 1366 1820 ad
1398 1752 1515 1842 legum
1545 1751 1661 1824 fontes
1698 1748 1840 1844 poterit.
1902 1747 2094 1842 Inspiciam

54 1851 200 1922 sionem
213 1847 452 1922 Ecclesiarum
468 1845 746 1923 Saxonicaram
768 1849 960 1925 exhibitam
974 1849 1052 1920 Au·
1105 1851 1178 1922 eius
1213 1851 1329 1923 studia
1362 1867 1399 1924 et
1431 1855 1526 1944 ipse,
1565 1867 1600 1924 et
1631 1853 1805 1924 iudicium
1839 1851 1942 1924 vobis
1974 1873 2094 1920 meum

56 1967 182 2044 gastae
196 1949 413 2044 Imperatore
427 1949 556 2024 Carolo
571 1957 695 2050 quinto
717 1955 757 2025 in
774 1969 952 2027 conventu
966 1952 1051 2020 anni
1103 1953 1318 2046 significabo.
1380 1953 1477 2030 Bene
1509 1968 1545 2026 et
1574 1954 1747 2028 foeliciter
1782 1953 1905 2028 valete.
1943 1949 2001 2023 die
2031 1949 2094 2022 20.

58 2051 184 2141 15³0,
209 2055 310 2126 cuius
325 2069 358 2126 et
372 2071 412 2127 tu
427 2053 614 2125 nobiscum
631 2059 671 2128 in
685 2061 773 2130 urbe
783 2055 1010 2148 Vangionum
1020 2050 1051 2152 ⁴)
1103 2051 1238 2149 Aprilis
1253 2047 1302 2151 ¹¹⁵).

54 2157 174 2227 fidelis
202 2171 354 2228 assertor
376 2154 487 2230 fuisti.
545 2153 604 2229 Ad
627 2156 723 2230 hunc
751 2183 962 2232 consensum
985 2159 1051 2228 ad·
1614 2187 2044 2286 PhilfppusMehmhon·

54 2260 158 2350 iungi
180 2258 339 2328 iuniores
365 2258 455 2328 utile
477 2271 547 2343 est,
579 2285 619 2332 ac
643 2261 756 2331 lilium
778 2261 844 2334 Dei
871 2287 954 2346 oro,
987 2259 1050 2354 qni

54 2373 222 2452 precatus
236 2373 287 2431 est
302 2373 435 2451 patrem
449 2373 650 2450 aeteruum,
674 2379 715 2434 ut
728 2364 852 2448 faciat,
878 2377 919 2434 ot
937 2385 1049 2432 unum
1125 2449 1189 2456 W

55 2462 169 2532 simus
190 2461 230 2531 in
252 2462 349 2554 ipso,
373 2476 415 2533 ut
434 2455 560 2534 harum
582 2465 768 2556 regionum
783 2467 946 2536 doctores
967 2461 1048 2533 ubi-

55 2589 122 2658 que
139 2565 262 2634 flectat
277 2565 321 2632 ad
337 2565 576 2658 concord-iam.
626 2566 724 2639 Bene
740 2581 775 2639 et
796 2565 946 2638 feliciter
959 2565 1048 2638 vale.
1101 2608 1155 2680 No
1181 2603 1294 2680 5775·
1938 2621 1981 2681 Μ
2012 2609 2091 2694 Apu
2160 2615 2164 2624 .

54 2665 121 2737 Die
138 2665 201 2736 19.
217 2659 369 2758 Aprilis.
927 2753 933 2766 Ι
1108 2663 1280 2734 „Um
1927 2658 2092 2730 ...le-

1364 2813 1443 2902 Ge.
1473 2799 1799 2904 Bacfefeolzeeo.

1165 3001 1187 3066 †
1204 2997 1241 3052 Es
1254 3015 1347 3072 apogr.
1361 2998 1390 3052 iu
1402 2997 1466 3056 aod.
1480 2997 1569 3056 Paris.
1584 2997 1619 3054 D.
1630 2997 1663 3056 la
1677 2995 1740 3054 ⁶4⁸.

1271 2449 1288 2454 ι·
1300 2448 1392 2456 uano—uu·-
1402 2449 1458 2456 ·--
1465 2449 1846 2458 nn··u—·—·-1——---——n——-—-—
1852 2443 2071 2456 —n-fl-flfl-

483 2905 1019 2922 *affl-nunna*—
1025 2909 1030 2912 -

57 3063 277 3204 Q
870 3069 1041 3196 Q
1099 3149 1305 3252 Georgia
1329 3147 1681 3241 Bacbleolzero,
1712 3147 1870 3226 Pastori
1898 3147 2090 3228 Ecclesiae

353 3267 422 3354 Io.
454 3263 750 3384 Wdenlcopf.
936 3353 942 3364 ¹
1391 3253 1472 3330 Dei
1489 3255 1530 3330 ia
1546 3253 1633 3329 urbe
1647 3255 1797 3334 Arctoa.

116 3441 203 3498 αἱ..
227 3445 255 3499 in
275 3455 493 3568 t„w„m„e,
521 3445 666 3530 „95513995
685 3445 753 3502 Met.
770 3445 882 3518 epotata
900 3446 934 3502 ,d
955 3449 1047 3503 tonum
1097 3394 1148 3483 S.
1173 3407 1222 3480 D.
1277 3407 1486 3479 Venerando
1512 3408 1570 3476 vir
1596 3419 1632 3478 et
1662 3407 1782 3482 carisa.
1802 3407 1921 3478 frater.
1969 3403 2097 3486 Hodie.

156 3510 272 3566 Wideu
293 3514 509 3636 opwri'ooipis
529 3517 646 3570 Palatina
666 3513 867 3600 Quaesturam,
898 3535 979 3589 quam
1000 3535 1048 3588 per
1097 3535 1235 3582 mecum
1254 3510 1294 3578 ln
1312 3511 1463 3600 prandio
1483 3510 1553 3580 full
1574 3510 1655 3580 exul
1671 3510 1794 3601 pulsus
1815 3533 1857 3578 ex
1869 3504 2030 3580 Ecclebla
2048 3510 2088 3582 in

155 3592 378 3774 ΓἘΓΓΓΜΞΒ
398 3583 1047 3776 ΓΓΓΞΓΓΓΓΓΓΞΞΓΞΞΓΓΞΓΓΓΓΓΓΓΓΓ
1096 3613 1227 3782 aare?
1257 3609 1456 3730 Boream..
1504 3607 1555 3780 dn
1568 3623 1725 3728 umnec,
1762 3609 1924 3784 findi}
1950 3602 2087 3680 Feres

151 3727 1502 3899 idn.”isitiiiliiasil’f‘l'a'euifnxlviiiii'aneil'l-3512„‘,'Jm‘¹‚⁰{,⁰{¹,¹:„⁸g
1514 3725 2088 3900 εέζῗίἒὲῗὲειὲὲῗξῗίεοῗονῖἑῖ

152 3856 191 3910 tis
202 3856 553 3916 historico-ecclesiasticis
564 3857 749 3934 perantiquis.
770 3859 814 3916 Pt.
828 3861 854 3917 7.
874 3877 901 3930 p.
913 3861 956 3916 19.
1112 3918 1120 3934 ‚
1266 3917 1274 3934 ‚
1743 3916 1752 3933 ,
1784 3917 1793 3934 ,

1095 3918 1178 3988 hcet
1212 3911 1368 4008 Caiphae
1402 3912 1605 4000 cohortem,
1645 3913 1999 4002 Admmstratorem,
2044 3929 2087 3988 ut

47 4005 281 4086 Clarissimo
303 4015 382 4086 ciro
401 4013 602 4112 prudentia
620 4024 653 4088 et
676 4017 807 4086 virtute
826 4017 1046 4116 praestanti,
1096 4019 1302 4100 nominant,
1342 4032 1377 4090 et
1405 4019 1482 4090 eius
1505 4017 1714 4103 factionem,
1750 4042 1890 4108 urgere,
1930 4031 1971 4088 ut
1992 4029 2086 4105 recte

46 4115 71 4187 Ι
79 4139 202 4188 onae
235 4112 307 4190 W
302 4112 516 4215 idenlcop,
537 4113 746 4215 Quaestori
762 4113 950 4217 Principis
967 4113 1046 4190 Pa·
1096 4123 1260 4194 docentes
1281 4121 1470 4212 pellantur.
1522 4117 1564 4188 ln
1585 4121 1677 4189 valle
1694 4113 1907 4189 Ioachimica
1921 4119 2085 4188 nondum

43 4205 199 4290 *latini
211 4227 292 4305 ete,
319 4217 520 4292 amicosao
535 4212 1024 4317 colendozaLichtenberg,
1095 4236 1226 4294 tentata
1250 4245 1306 4292 res
1330 4231 1391 4296 est.
1441 4217 1597 4291 Oramus
1619 4221 1732 4289 filium
1754 4219 1841 4306 Dei,
1867 4233 1908 4291 ut
1929 4243 1995 4290 nos
2018 4243 2084 4310 gu.

235 4325 238 4331 *
1095 4327 1236 4410 beruet,
1262 4321 1479 4395 etEcclesiis
1500 4321 1717 4413 opcmferat.
1767 4319 1878 4392 Mitto
1895 4323 1997 4392 vobis
2020 4346 2084 4413 pa-

1094 4429 1220 4516 gellas,
1253 4426 1335 4519 quia
1358 4426 1477 4515 plures
1498 4447 1572 4490 non
1585 4415 1758 4492 habebam
1775 4425 1820 4492 ad
1842 4447 1980 4498 manus.
2028 4421 2083 4493 De

1093 4523 1269 4622 Lycaone
1297 4538 1371 4596 tota
1398 4525 1547 4607 fabella,
1580 4525 1624 4592 de
1656 4547 1724 4617 qua
1746 4548 1862 4616 nuper
1881 4525 2005 4620 scripsi
2021 4521 2083 4612 '),

1093 4629 1282 4698 vanissima
1302 4627 1380 4700 fuit.
1432 4623 1500 4694 Dei
1519 4625 1690 4695 beneficio
1705 4625 1896 4719 tranquilla
1918 4641 1970 4697 est
1983 4651 2080 4698 nuuc
2100 4701 2104 4720 ,

1092 4729 1262 4815 Saxonia,
1287 4741 1321 4800 et
1337 4751 1400 4798 oro
1414 4727 1560 4812 Deum,
1577 4739 1618 4796 ut
1635 4727 1752 4814 faciat,
1777 4741 1818 4797 ut
1834 4722 1920 4798 haec
1936 4723 2081 4825 halcyo-

45 4354 92 4442 S.
118 4369 169 4444 D.
221 4367 479 4441 Honestissime
495 4371 551 4440 vir
566 4385 599 4440 et
614 4371 725 4440 amice
741 4369 930 4445 carissime.
968 4371 1045 4442 Nu-

45 4473 136 4542 meri
161 4484 247 4542 suut
270 4474 384 4565 graeci
406 4474 550 4562 poia'tae,
566 4475 637 4542 -sed
660 4473 834 4543 sententia
849 4473 936 4544 alibi
951 4475 1043 4544 divi-

77 4781 103 4844 t>
123 4775 171 4829 De
188 4773 333 4828 Friderioo
345 4777 489 4848 admorso,
506 4777 588 4834 Toto.
601 4777 627 4836 1.
641 4776 774 4846 διώκῃ..
796 4795 866 4848 quae
882 4779 984 4850 prodiit
998 4801 1038 4834 se·

111 4843 250 4967 aa&
263 4844 383 4918 Mylium
401 4856 428 4902 et
446 4845 613 4902 Strobelium
632 4847 661 4900 in
679 4846 747 4901 bibl.
766 4847 833 4902 Mel.
851 4867 899 4902 no.
911 4850 970 4903 ⁴17.
990 4869 1041 4904 au·
1099 4928 1314 4939 m

71 5000 101 5064 2)
124 4995 195 5052 Vela
213 4995 312 5052 Oratio
327 4999 361 5052 de
375 4999 533 5072 camactos
549 5001 683 5074 Chytraco
695 4999 782 5071 edita,
799 5017 865 5060 un.
880 5002 955 5056 1555.
973 5005 1041 5072 (eid.

111 5065 196 5135 epist.
215 5067 248 5118 ad
268 5067 364 5140 betc.
382 5069 410 5124 d.
432 5073 454 5125 1.
470 5071 578 5133 Fabam
597 5071 655 5125 vela
673 5071 779 5136 OEbflstf,
797 5073 963 5142 OErtnnenmg
982 5087 1040 5131 com
1124 5069 1151 5138 ⁴¹)
1173 5069 1323 5140 Adscripsit
1336 5067 1555 5139 Widenlropfius
1573 5087 1674 5122 sunum
1696 5069 1787 5138 1555,
1806 5080 1832 5125 et
1850 5073 1990 5142 epistolam
2004 5073 2037 5126 ad
2050 5092 2079 5127 se

109 5135 175 5204 bett.
190 5133 340 5206 abstante,
360 5140 595 5210 uateotfdattonb
607 5141 773 5208 &terpaton
789 5141 946 5210 annectam.
971 5145 1039 5200 utta
1136 5138 1285 5206 ⁸tractatam
1306 5157 1363 5190 ease
1381 5137 1461 5194 d.29.
1478 5143 1544 5205 apr.
1568 5137 1710 5205 „Duobus
1729 5138 1813 5222 ipitur
1832 5150 1858 5194 et
1877 5141 1991 5193 dimidio
2004 5139 2078 5196 Wi-

110 5206 186 5264 tend.
201 5203 277 5264 1555.
295 5207 321 5262 8.
339 5264 342 5272 Δ
1157 5208 1312 5276 tembergae
1331 5213 1516 5259 commoratus
1536 5217 1575 5258 est
1593 5203 1675 5272 (lilius
1688 5205 1827 5274 Wrdek.)
1845 5211 1938 5277 anuis,
1955 5216 2037 5291 prout
2051 5220 2079 5263 ct

70 5285 101 5352 3)
124 5272 244 5340 vident,
265 5309 322 5347 me
341 5291 420 5347 [om
439 5287 626 5364 Widenkop,
653 5291 687 5346 de
705 5291 782 5364 quod
801 5291 855 5350 vid·
872 5293 949 5366 epm·
969 5313 1038 5368 qu„
1156 5274 1213 5358 ipae
1232 5292 1380 5358 suaumanu
1400 5271 1428 5326 iu
1442 5272 1555 5358 calend:
1572 5273 1632 5329 laist.
1648 5275 1729 5331 Eberi
1745 5275 1813 5333 baec
1832 5287 1989 5332 annotavrtr
2011 5277 2078 5362 1557

109 5357 248 5426 ,equum
1153 5345 1304 5404 incolumes
1319 5339 1469 5408 Wteberea
1481 5347 1551 5397 redet
1561 5348 1590 5399 d.
1606 5345 1647 5399 18.
1662 5347 1759 5414 eft-’pti’
1791 5345 1875 5417 (Nota
1890 5345 2057 5420 Wenctn.)

70 5442 100 5506 1)
122 5441 208 5492 Anno
223 5439 302 5497 1540.
753 5449 758 5458 ’
1121 5441 1151 5513 ²⁸)
1168 5441 1232 5499 Vid.
1245 5441 1273 5499 d.
1286 5445 1329 5500 21.
1342 5441 1445 5501 Martii.
