4688 5816
75 239 146 316 en
473 263 476 272 ·
617 205 1339 312 testamenmentum
1390 153 1523 312 toas
1955 217 1961 231 '
2011 199 2112 316 Issa

74 434 213 506 quoqne
235 409 357 502 plnres
384 400 549 480 adbiberi
572 405 651 478 viro
668 407 797 478 'doctos
813 418 858 478 ,et
882 401 993 498 pios,
1018 405 1069 472 nt'
1102 395 1190 472 'No
1202 393 1316 474 6819.
1914 417 1919 430 '
1946 415 2007 480 28.
2022 403 2095 474 Nor

74 514 193 605 scripsi
210 509 249 582 in
263 512 424 582 oratione
438 533 529 603 qnae
553 509 593 578 in
609 508 679 578 line
699 503 756 580 his
778 509 916 601 paginis
939 498 1058 580 addita
1114 493 1327 536 Μ
1961 497 2102 528 ‘⁶⁶'

73 629 140 697 est,
164 637 252 710 quas
266 612 381 686 mitto.
432 611 548 686 Senex
566 611 730 704 princeps
740 603 965 692 alardus,
991 605 1058 676 Vir
1451 605 1509 694 Η,
1536 603 1750 692 Besoldo,

73 716 335 807 integerrimus,
359 726 394 784 et
411 709 494 784 Dru
517 709 844 806 Wurledergsnsis
859 727 940 784 ente
957 733 1057 780 men·
1174 759 1261 834 Epist.
1276 760 1323 820 Hb·
1335 759 1372 816 ν.
1385 780 1413 834 p.
1426 762 1487 819 227.

72 842 141 889 sem
156 819 195 888 in
210 819 388 888 conventu
400 807 671 900 Nassavr'ensi,
696 813 901 906 gravissima
923 813 1056 884 oratio-

71 921 363 1013 nepetiverunta
377 915 517 1006 Legatis
531 911 685 986 Ducum
696 913 1056 1002 Saxom'ae,uteum
1138 913 1323 997 Hieron,
1343 915 1490 992 Besol
1497 915 1554 992 do
1586 919 1856 1019 (concionalon'
1877 917 2059 1021 Norint.)

71 1021 309 1092 inconvento
335 1011 627 1115 Ratisponansi,
658 1019 703 1088 de
723 1019 887 1090 doctrina
917 1019 1056 1088 suturae
1108 1049 1143 1138 s
1184 1069 1218 1141 D

71 1123 139 1194 sint
160 1121 454 1206 deliberationes,
488 1119 588 1212 prins
600 1121 734 1211 [curent
760 1119 970 1212 praecipuos
992 1141 1056 1210 pa·
1148 1115 1157 1136 ⁶

72 1239 178 1294 stores
193 1223 399 1306 convocari,
422 1235 464 1293 nt
478 1223 522 1291 de
535 1218 904 1292 multisEcelesiarnm
916 1233 1056 1292 nostra·

70 1350 147 1395 rnrn
170 1324 382 1395 vulneribus
409 1324 672 1418 colloquantur.
729 1321 923 1396 Suaderem
947 1323 1056 1406 idern,

70 1428 98 1498 si
115 1427 177 1497 tali
194 1449 399 1517 congressus
413 1427 545 1516 sperari
561 1425 692 1517 possit,
717 1425 858 1517 qualem
875 1425 995 1516 flagito
1016 1425 1055 1493 in

71 1529 247 1614 oratione,
279 1551 423 1622 quamm
456 1528 590 1596 addidi·
613 1527 652 1595 in
683 1527 754 1596 line
785 1526 918 1612 libelli,
950 1549 1054 1620 quem

69 1631 181 1704 mitto.
236 1628 399 1718 Quaeso,
424 1641 464 1697 nt
482 1625 726 1699 illustrissimo
752 1625 913 1720 Principi
936 1628 1055 1697 mittas

69 1732 224 1824 exempla
247 1731 314 1822 ipsi
342 1729 528 1819 inscripta,
554 1745 588 1800 et
608 1730 717 1801 simul
741 1753 798 1800 me
823 1729 857 1799 ei
875 1753 1055 1800 commen-

68 1834 135 1902 des.
191 1830 304 1902 Tueri
328 1831 403 1901 eius
423 1831 707 1902 benevolentiam
732 1831 856 1922 cupio,
888 1843 923 1900 et
939 1829 1053 1901 Deum

69 1957 147 2018 oro,
174 1947 214 2003 ut
231 1925 312 2002 eum
327 1924 441 2002 servet
455 1945 489 2003 et
501 1934 685 2023 gubernet.
735 1927 833 2000 Bene
849 1931 936 2005 vale.
988 1929 1055 2002 Sa-

68 2037 174 2106 lutem
191 2035 293 2104 vobis
309 2035 477 2105 omnibus
492 2047 587 2125 opto.
638 2032 775 2104 Literas
791 2048 870 2104 tuas
884 2047 918 2104 et
928 2033 1053 2120 -llagito

68 2149 101 2208 et
115 2150 288 2227 exspecto.
339 2133 408 2205 Die
427 2132 484 2206 15.
501 2134 695 2207 Novembr.
715 2135 777 2229 qui
800 2131 868 2204 luit
886 2129 1057 2206 dtes'En-

68 2239 248 2308 seniorum
267 2261 388 2307 mense
411 2220 506 2344 ὑφ’
529 2238 566 2308 id
601 2252 653 2308 est
683 2231 899 2331 niptwvciov.
957 2233 1054 2306 Haec

67 2339 158 2408 enim
176 2364 258 2409 vera
273 2325 486 2433 etymolohia
502 2355 564 2414 est.
622 2337 824 2412 scriberem
834 2331 873 2434 ¹)
889 2337 1054 2432 pluribus

1222 1127 1230 1144 .
1283 1069 1491 1146 Reverendo
1506 1076 1580 1159 vir,
1603 1089 1638 1146 et
1651 1069 1796 1148 chariss.
1811 1077 1937 1160 frater,
1961 1099 2102 1170 semper

1107 1175 1211 1244 nobis
1234 1187 1268 1245 et
1291 1175 1331 1245 in
1353 1178 1425 1247 vita
1447 1178 1584 1270 privata
1600 1190 1636 1247 et
1654 1177 1691 1245 in
1703 1179 1967 1268 gubernatione
1990 1179 2036 1251 sit
2058 1181 2098 1251 in
2147 1245 2152 1258 ,

1107 1291 1295 1369 conspectu
1322 1280 1475 1370 precatio
1498 1277 1591 1350 Filio
1614 1277 1679 1348 Dei
1703 1281 1741 1348 in
1764 1282 2003 1373 agonedicta,
2028 1306 2098 1376 qua

1108 1379 1342 1465 petitservari
1356 1377 1553 1451 Ecclesiam
1579 1395 1613 1450 et
1629 1396 1769 1472 pectora
1795 1384 1956 1452 omnium
1987 1408 2098 1476 copu-

1108 1477 1196 1566 lari,
1219 1493 1260 1551 nl
1280 1507 1394 1552 unum
1416 1483 1454 1552 in
1478 1483 1554 1576 ipso
1578 1485 1698 1556 simus.
1750 1482 1808 1554 Ad
1832 1479 1939 1555 huius
1965 1487 2096 1555 summi

1107 1583 1297 1652 sacerdotis
1312 1584 1425 1654 nostri
1435 1601 1515 1656 vota
1531 1587 1765 1674 adiungamus
1779 1599 1814 1657 et
1828 1587 2097 1677 nostros'gemi-

1108 1697 1182 1769 tus,
1209 1697 1245 1754 et
1261 1699 1420 1776 petamus
1443 1700 1610 1782 tanquam
1636 1679 1791 1784 δεύτερα
1808 1684 1974 1787 λέγοντες
1991 1683 2096 1786 ἑξάρ-

1101 1809 1238 1880 χοντος
1255 1791 1324 1858 τοῦ
1348 1783 1553 1883 ἀρχιερέως.
1618 1787 1672 1860 Sit
1697 1791 1801 1859 etiam
1826 1792 1864 1859 in
1889 1791 1994 1860 nobis
2019 1805 2095 1862 stu-

1107 1887 1205 1956 dium
1228 1891 1449 1964 concordiae.
1508 1883 1737 1980 Collegam‘)
1763 1892 1872 1980 igilur
1904 1892 1971 1964 tibi
1998 1917 2096 1962 com-

1106 1991 1256 2074 mendo,
1282 1991 1383 2061 cuius
1398 1991 1468 2069 iam
1493 2007 1587 2062 aetas
1611 1991 1692 2064 talis
1716 2006 1787 2073 cst,
1814 2007 1853 2064 ut
1878 1995 2097 2066 moderatio-

1105 2089 1163 2158 nis
1178 2093 1286 2162 decus
1302 2106 1337 2162 et
1349 2091 1524 2182 intelligat
1550 2107 1582 2162 et
1606 2107 1712 2164 amet.
1762 2094 1815 2165 De
1840 2095 1999 2167 editione
2023 2121 2096 2166 no-

1104 2191 1171 2262 stri
1187 2191 1300 2262 libelli
1318 2195 1450 2265 scribes
1467 2191 1576 2280 mihi,
1599 2210 1632 2266 et
1648 2209 1750 2266 tuum
1776 2197 1949 2266 iudicium
1975 2212 2011 2268 et
2036 2223 2097 2269 ve·
2185 2256 2188 2262 ,

1104 2305 1261 2364 atrorum
1277 2317 1467 2370 sermones.
1487 2288 1488 2294 ἵ
1515 2295 1614 2368 Bene
1630 2298 1717 2370 vale.
1766 2298 1828 2371 28.
1844 2297 2018 2370 Novemb.

15 2479 21 2488 ·
68 2455 99 2514 et
112 2442 216 2535 plura
233 2441 263 2512 si
278 2463 427 2534 possem.
962 2483 967 2500 .
1619 2410 1808 2508 Philippus
1821 2411 2046 2492 Melanthon.

802 2597 1007 2720 Philippus.
1109 2647 2095 2681 ····‘········--·-··-·---·-·-·-·-·

1038 2905 1040 2912 y
1099 2819 1304 2951 ,Q.
1943 2834 2096 2908 aanor.

1921 2927 2094 2956 Μ

65 3026 127 3102 no.
145 3027 264 3102 osas.
877 3022 1049 3146 Q
1237 3107 1239 3112 ,
1366 3015 1426 3112 11.
1442 2983 1834 3140 Baamgorrnero.

72 3125 284 3164 Μ

363 3231 413 3321 0·
442 3229 758 3320 narcetem.
1172 3183 1325 3311 satta
1345 3181 2099 3381 lp.⁹·s²s¹.⁰.·sa;:1.l·.sc.u,⁰s:uaar

1210 3324 1278 3398 psile
1303 3326 1381 3394 „tas
1398 3325 1449 3382 .9r
1459 3325 1547 3382 Decb.
1562 3343 1613 3400 pcc
1625 3325 1819 3385 Mandalum
1833 3327 2017 3404 (llslingunl.
2078 3364 2082 3378 .

128 3409 218 3483 ttpiss
239 3409 287 3468 lib.
298 3407 334 3464 ll.
351 3427 379 3480 p·
393 3405 456 3466 ⁸92.
475 3405 529 3474 (ed.
540 3407 634 3464 Lond.
654 3405 705 3464 tib.
716 3401 751 3463 lh
768 3423 813 3478 cp.
827 3401 913 3473 doh).

1097 3475 1295 3561 Hieron.
1325 3479 1691 3578 Bomgarlnero,
1728 3479 1907 3559 senatun·
1935 3485 2100 3586 inclytas

222 3587 273 3662 D.
300 3573 519 3655 Conrado
542 3573 896 3654 Heresdocclrio
1434 3583 1538 3656 urbis
1561 3579 1760 3682 Noriberg.

64 3721 113 3808 S.
140 3735 189 3810 D.
227 3731 433 3807 Clarissime
449 3732 507 3804 vir
523 3747 558 3805 et
572 3733 687 3804 amice
700 3727 928 3816 charissime,
953 3727 1057 3800 Hanc
1105 3717 1226 3812 SA).
1282 3727 1573 3806 Misericordiae
1586 3729 1767 3822 Domini,
1790 3731 1898 3836 qaod
1911 3761 1988 3812 non
2010 3731 2099 3812 cor»

62 3835 261 3929 Epistulam
295 3833 419 3928 scripsi
447 3835 506 3908 die
539 3827 601 3908 25.
626 3834 860 3916 Novembris,
893 3833 957 3927 qui
990 3831 1058 3902 fuit
1104 3831 1246 3933 sumpti
1256 3858 1404 3922 sumus,
1425 3837 1546 3931 inquit
1561 3833 1742 3930 Propheta
1758 3835 1935 3912 Ieremias.
1973 3840 2098 3934 Agno-

63 3936 228 4011 Ebraet's
244 3939 376 4008 mensis
390 3932 548 4024 Kisteu3
575 3929 784 4033 ὥριίῦνειος·
835 3935 933 4006 Haec
960 3934 1055 4004 enim
1105 3960 1243 4012 mamus
1258 3951 1292 4010 et
1311 3963 1378 4010 uos
1392 3935 1570 4010 Ecclesiae
1594 3941 1767 4034 reliquias
1784 3942 2004 4014 mirabiliter
2024 3968 2100 4021 set·

63 4067 142 4114 vera
162 4040 378 4135 etymologia
393 4052 465 4124 cst,
491 4051 525 4110 el
542 4041 587 4110 ab
601 4062 728 4108 occasu
744 4029 902 4108 Orionis
918 4037 1057 4106 erudite
1104 4041 1181 4112 vari
1203 4065 1223 4115 a
1245 4039 1344 4123 Deo,
1375 4042 1513 4117 etiamsi
1535 4056 1570 4114 et
1594 4066 1730 4134 poenae
1752 4065 1817 4135 per
1837 4065 1949 4133 genus
1970 4041 2100 4124 huma.

62 4145 193 4216 mensis
209 4139 399 4232 appellatio
417 4153 558 4230 sumpta
576 4153 637 4210 est.
686 4135 743 4210 Eo
761 4139 820 4210 die
842 4151 925 4208 ante
944 4160 1057 4208 annos
1107 4168 1194 4215 num
1211 4159 1405 4234 vagantur,
1431 4157 1466 4216 ct
1480 4141 1626 4218 Diaboli
1645 4139 1882 4216 horribilibus
1902 4147 2101 4237 furoribus,

65 4245 175 4320 1717.
196 4244 357 4316 instituta
382 4255 468 4314 sunt
484 4238 663 4314 Encaenia
680 4235 934 4334 lerosolymae
955 4261 1057 4310 recn-
1105 4246 1189 4318 odio
1206 4245 1273 4316 lilii
1289 4243 1377 4333 Dei,
1402 4243 1597 4328 ἄσπονδον
1614 4238 1778 4339 πόλεμον
1795 4261 1925 4336 gerunt
1937 4273 2017 4322 eum
2027 4246 2100 4322 Ec.

62 4363 184 4442 perato
202 4345 353 4439 templo,
376 4359 410 4414 et
426 4358 587 4435 purgato.
638 4339 785 4416 Utinam
803 4366 901 4414 nunc
915 4364 1058 4436 quoque
1097 4347 1221 4423 nlcsia.
1273 4347 1374 4422 Vidit
1390 4350 1477 4424 urbs
1491 4362 1604 4427 vestra
1627 4362 1661 4418 et
1677 4371 1877 4439 poenarum
1900 4363 1936 4420 et
1955 4351 2100 4444 mitiga-

62 4449 217 4519 leliciter
228 4447 475 4518 restitueretur
499 4446 562 4514 lux
577 4446 779 4527 doctrinae,
806 4459 841 4515 et
854 4442 952 4515 Dens
973 4467 1057 4513 vera
1104 4449 1214 4522 tionis
1231 4452 1406 4542 exempla,
1429 4473 1470 4522 ac
1484 4449 1620 4523 Filium
1636 4447 1705 4520 Dei
1718 4453 1902 4525 custodem
1918 4447 2100 4536 Ecclesiae

63 4549 288 4621 invocatione
302 4549 489 4621 coleretur.
539 4545 644 4618 Nune
666 4548 735 4617 tibi
756 4547 858 4616 mitto
882 4559 958 4616 acta
972 4539 1056 4617 No·
1097 4573 1187 4624 suaa
1209 4575 1295 4636 oro,
1316 4565 1363 4624 nt
1386 4553 1552 4644 deinceps
1574 4576 1718 4646 quoque
1743 4565 1779 4625 et
1804 4567 1911 4628 tuam»
1924 4556 2101 4630 domesti-

65 4649 328 4747 n'abrrgenss'u.
361 4648 451 4722 Nam
469 4672 591 4720 recens
606 4663 753 4740 propter
767 4639 959 4716 Oriundri
969 4669 1056 4716 con·
1103 4673 1178 4727 cam
1196 4649 1391 4728 Ecclesiam
1414 4667 1449 4726 et
1470 4654 1650 4746 publicam
1673 4667 1711 4726 et
1724 4655 1850 4730 urbem
1867 4657 2040 4744 gubernet
2065 4673 2105 4737 et

62 4756 271 4824 troversiam
288 4745 542 4846 Noribergam
558 4763 704 4822 vocatus
717 4772 810 4826 snm.
859 4747 957 4821 Bene
977 4747 1055 4820 vale
1071 4768 1228 4830 ..servet
1278 4753 1394 4846 Rogat
1410 4755 1515 4829 ctiam
1531 4770 1652 4849 pectus
1665 4770 1701 4828 et
1715 4779 1838 4830 rocem
1855 4752 2103 4852 Mauricii¹),

63 4856 276 4928 atrescribe.
1103 4869 1138 4928 et
1156 4856 1367 4930 saciat-eum
1392 4862 1522 4940 caedor
1545 4856 1667 4940 ἐλέους
1691 4871 1725 4934 ct
1749 4880 1925 4948 organum
1942 4862 2100 4938 salutare

1094 4981 1187 5032 ‚suae
1207 4960 1348 5033 animae
1371 4973 1406 5032 et
1428 4961 1522 5036 waliis.
1571 4959 1704 5030 Pativit
1728 4974 1768 5031 ut
1795 4983 1859 5052 ego
1883 4956 1953 5034 hoc
1984 4966 2029 5034 ad
2061 4977 2099 5038 ts

93 5125 128 5193 ἦ
153 5123 305 5196 mm„
326 5053 415 5178 ‘dm
432 5121 539 5182 mm.
555 5119 631 5194 Μ
648 5121 812 5175 mauman
839 5129 896 5190 ot,
920 5128 951 5178 n
974 5129 1052 5178 mm
1101 5061 1311 5149 scriberem,
1334 5075 1375 5133 nt
1397 5062 1465 5154 ipsi
1486 5086 1581 5132 novo
1598 5055 1731 5155 hospiti
1746 5062 1986 5151 sismonitor,
2011 5066 2097 5137 uhi-

148 5192 233 5284 ψη.
1107 5229 1319 5248 ·-·-···-····

1133 5305 1163 5376 *)
1179 5307 1293 5362 Maurit.
1308 5307 1463 5380 Heliognm.

1138 5394 1169 5462 t)
1180 5391 1313 5448 mactat
1324 5390 1453 5462 Retinet,
1472 5391 1502 5448 is
1514 5391 1609 5450 tm
1625 5391 1783 5452 &damni
1792 5395 1976 5456 matta
