4712 5828
140 2927 142 2932 ’
240 2943 360 2999 sancto
383 2930 433 3001 ita
455 2930 701 3000 confirmatum
720 2951 813 3010 esse,
841 2945 882 3002 ut
907 2955 981 3001 uon
1006 2955 1145 3004 necesse
1172 2935 1228 3019 sit,

2346 47 2347 110 l

150 261 155 270 .
236 205 309 278 aar
814 145 1247 272 eetsr'ouanuu
1298 195 1511 277 uluxn.
1566 199 1698 278 esst.
2203 205 2277 278 asa
2346 133 2347 228 3

240 369 425 472 πάρεργα,
451 393 655 466 quanquam
681 370 950 444 insuaviasunt.
1002 367 1136 462 Scripsi
1160 369 1228 458 igi·
1277 367 1344 445 No.
1359 365 1472 444 5558.
2141 392 2172 452 1.
2188 377 2274 445 Mare

240 481 356 549 turatl
373 487 551 568 pastorem
564 468 742 542 Ecclesiae
762 471 860 558 istic,
885 489 926 542 ut
949 467 1045 542 hunc
1067 473 1228 542 dolorem
1282 467 1453 496 Μ
2137 475 2263 504 W·

239 579 375 663 viucat,
401 593 505 671 teque
525 597 629 664 rogo,
655 587 696 644 ut
715 597 795 644 eum
813 575 1008 648 confirmes.
1062 573 1230 644 Tulimus
1616 568 1684 654 Io·
1715 571 1933 692 Stiyelt'o.

239 696 340 754 antea
359 674 616 749 monachorum
633 677 779 749 rabiem.
820 675 923 747 Nunc
941 677 1071 745 similes
1087 676 1231 768 opinio·
1350 723 1781 801 nanz.epp.adsrtget.ep.7e
1817 727 1886 784 cod.
1900 727 1983 786 Goth.
1998 729 2058 788 ¹83·
2073 749 2117 803 ep.
2135 729 2198 784 Μ

241 807 304 852 nes
328 795 514 866 seruntur3
568 779 682 848 scelus
716 801 789 848 esse
811 779 924 848 forma
948 779 1053 850 vestis
1074 779 1230 848 ducitur.

239 883 288 956 Et
311 886 351 954 fit
381 879 449 954 hoc
480 873 698 974 κακοήθως,
752 881 835 976 quia
864 875 903 948 hi
939 883 1109 952 clamor&
1137 883 1231 949 cient
1281 877 1508 958 Clarissimo
1533 885 1632 974 viro,
1664 885 1832 984 ingenio,
1865 885 2069 962 eruditione
2091 899 2123 960 et
2146 888 2276 960 virtute

241 989 386 1079 plausus
404 987 443 1054 iu
462 984 608 1078 populo.
654 981 722 1051 Sed
739 985 913 1072 abrumpo
930 979 1022 1053 hanc
1040 983 1231 1076 querelam.
1280 987 1508 1088 praestanti,
1533 985 1587 1060 D.
1614 986 1643 1060 I
1647 989 1794 1061 oanni
1818 987 2041 1088 Sttgela'o,
2058 991 2188 1094 fratri
2211 1017 2277 1062 suo
2348 1005 2349 1010 ’

240 1087 462 1158 Commendo
487 1098 603 1156 autem
629 1084 696 1154 tibi
719 1079 816 1155 hunc
837 1079 1031 1170 alexium,
1055 1085 1233 1175 praeclare
1605 1091 1819 1183 carissimo,
1843 1093 1881 1168 s,
1900 1093 1948 1170 D,

242 1193 453 1260 instructum
469 1187 671 1258 eruditione
689 1188 726 1254 in
743 1209 864 1277 graeca
881 1189 1003 1278 lingua
1028 1199 1062 1256 et
1087 1187 1124 1254 in
1149 1181 1232 1277 phi·
1379 1257 1388 1274 ‚
1475 1259 1483 1276 ,
1643 1259 1653 1276 ⁰
2125 1261 2135 1276 ι

240 1288 414 1384 losophia.
465 1287 513 1360 Et
536 1285 594 1358 hic
609 1284 801 1359 Ecclesiam
825 1291 880 1380 pie
901 1303 935 1359 et
952 1293 1086 1360 sincere
1101 1289 1231 1360 docuit.
1285 1237 2280 1352 ⁰¹³f¹⁵⁵·v¹s·⁰²⁶³s1350fsalel·D²l¹¹⁰¹¹⁰ss⁰¹¹⁰l³ffle·

241 1389 658 1465 senseresensere.
710 1389 779 1462 ute
797 1391 976 1464 aarum.
996 1387 1105 1465 1554.
1285 1357 1677 1452 cbuum(tutatores
1695 1357 1836 1434 intuta
1856 1363 2082 1453 interrogavi·
2133 1359 2170 1432 ¹³
2188 1357 2279 1428 mihi
2349 1393 2350 1476 3

845 1489 939 1564 Phil,
957 1489 1182 1565 Melambon·
1287 1463 1487 1554 respondit,
1514 1463 1627 1536 solere
1650 1465 1752 1536 reddi
1779 1480 1909 1536 sortem
1931 1463 2191 1550 creditoribus,
2219 1465 2280 1531 sed
2349 1493 2350 1534 ἕ

1286 1589 1324 1634 ea
1345 1565 1484 1655 negotia
1500 1570 1746 1638 commendata
1762 1591 1836 1638 esse
1851 1561 2026 1654 Puniceo,
2051 1579 2085 1638 et
2100 1566 2182 1636 aliis
2199 1567 2280 1658 qui-

914 1699 1229 1714 ---·-·---
1287 1667 1448 1738 busdam.
1501 1667 1606 1738 Nunc
1628 1663 1697 1742 hoc
1720 1692 1821 1760 agere
1836 1669 1993 1742 decrevi:
2019 1667 2186 1764 alloquar
2210 1659 2281 1736 Pn-

1287 1765 1425 1838 niceom
1440 1795 1519 1840 cum
1533 1771 1688 1862 primum
1706 1787 1841 1864 potero,
1856 1796 1961 1868 quem
1975 1771 2047 1842 scio
2064 1771 2108 1840 de
2124 1783 2160 1840 te
2177 1793 2281 1860 prae-

240 1823 440 1954 Q.
1064 1832 1235 1950 HQ
1286 1871 1378 1942 clare
1397 1873 1546 1954 sentire,
1571 1897 1611 1944 ac
1625 1897 1748 1966 spero,
1772 1874 1926 1946 libenter
1940 1873 2009 1944 tibi
2032 1885 2066 1943 et
2080 1872 2153 1943 tuis
2168 1873 2280 1962 grati-
2350 1871 2351 1890 ³

544 2010 601 2098 S·
685 2011 737 2097 H
762 2015 800 2096 l·
1286 1975 1472 2046 ficaturum
1501 1999 1586 2049 esse.
1647 1973 1757 2047 Mitto
1785 1975 1851 2048 tibi
1877 1990 1912 2046 et
1937 1974 2018 2044 aliis
2052 1973 2211 2066 pagellas
2237 1974 2280 2041 de
2350 1999 2351 2004 ¹

582 2037 657 2098 'm'
731 2039 761 2096 a
783 2039 895 2098 Μεθ’
1285 2073 1452 2170 Principe
1469 2069 1652 2172 Georgio,
1677 2103 1781 2173 quem
1801 2077 1875 2148 scio
1897 2077 2005 2148 fuisse
2026 2075 2278 2146 admiratorem

312 2169 362 2238 (Ex
382 2171 469 2227 libro:
494 2172 749 2257 Epistolaejllquol
767 2175 982 2242 consolatoriae,
1009 2175 1070 2250 piae
1089 2187 1142 2233 eltt.
1167 2195 1235 2234 cun
1284 2177 1421 2272 ingenii
1438 2193 1595 2252 avenae
1611 2193 1704 2252 tuae·
1754 2177 1855 2250 Malo
1871 2179 1957 2250 [ales
1973 2179 2200 2250 laudationes
2223 2181 2278 2247 fu..

341 2239 413 2312 cyr.
428 2239 656 2314 Spengenbergo,
674 2243 786 2314 Argeas.
803 2245 877 2298 Μ’
895 2245 921 2298 ⁸¹
941 2265 966 2318 Ρ·
979 2243 1019 2314 ⁸⁶)
1284 2283 1410 2352 uebrcs
1430 2283 1609 2354 bonorum
1632 2281 1791 2352 virorum
1816 2281 1989 2354 scribere.
2019 2306 2126 2374 quam
2151 2280 2276 2352 convi-

240 2377 409 2482 Pdt'lt‘pp.
443 2380 634 2462 Melanth.
672 2382 713 2462 S.
747 2385 799 2462 H.
832 2379 986 2464 Scholia.
1022 2386 1233 2482 (Simoni
1284 2383 1359 2470 cia,
1383 2385 1550 2478 qualibus
1565 2379 1652 2454 haec
1667 2399 1760 2454 aetas
1778 2383 1990 2465 delectatur,
2014 2380 2084 2476 οὐχ
2107 2378 2195 2454 ὅσια
2216 2407 2278 2480 ys-

518 2486 640 2560 Hali
646 2511 727 2558 neo
729 2489 752 2578 )
782 2483 826 2582 *)
853 2489 891 2564 S.
917 2489 961 2564 D.
1282 2481 1349 2560 νεά
1370 2481 1469 2560 κακὰ
1492 2479 1642 2582 ῥάπτειν
1664 2483 1862 2582 ἅλληλοῒσι.
1922 2485 2005 2558 Non
2027 2487 2163 2556 deesset
2186 2479 2278 2552 mihi

1282 2583 1430 2660 honesta
1448 2590 1583 2676 oratio,
1608 2590 1638 2660 si
1654 2591 1868 2680 respondere
1888 2588 2028 2662 vellem.
2063 2585 2114 2658 Et
2127 2609 2277 2678 respon-

1282 2693 1375 2761 debo
1392 2693 1546 2763 taudem.
1598 2689 1706 2760 Mitto
1723 2691 1791 2762 tibi
1805 2681 1940 2762 Caroli
1953 2689 2124 2781 effigiem,
2138 2689 2178 2758 in
2193 2713 2277 2782 quo,

1282 2795 1347 2862 etsi
1375 2795 1547 2887 quaedam
1582 2793 1847 2878 desiderantur,
1882 2808 2000 2866 tamen
2023 2807 2108 2864 suut
2134 2791 2277 2884 aliquae

1281 2895 1429 2968 eximiae
1443 2896 1603 2968 virtutes.
1655 2891 1704 2966 Et
1718 2895 1784 2966 seis
1799 2895 1911 2980 illud,

240 2609 456 2693 lheverende
471 2624 528 2692 vir
549 2637 583 2694 et
599 2623 709 2693 amice
728 2619 943 2694 charissime.
995 2623 1076 2694 Non
1092 2628 1229 2706 dubito,

239 2735 274 2793 te
289 2725 405 2817 ipsum
421 2726 460 2794 iu
477 2719 546 2795 hoc
560 2738 621 2795 tuo
635 2747 747 2815 agone
763 2739 796 2796 et
814 2725 919 2795 dictis
933 2727 997 2795 tilii
1012 2725 1078 2797 Dei
1096 2742 1130 2798 et
1145 2753 1228 2799 vero

240 2849 346 2897 sensu
361 2827 578 2918 praesentiae
592 2827 658 2896 filii
675 2825 743 2897 Dei
758 2826 797 2896 in
815 2829 1016 2916 cordetuo,
1043 2843 1076 2901 et
1102 2831 1229 2923 spiritu

239 3031 350 3101 multa
373 3031 466 3102 dicta
489 3033 529 3101 iu
552 3027 618 3102 hac
639 3033 786 3126 epistola
809 3035 973 3121 recitare,
999 3049 1137 3107 tantum
1163 3060 1227 3106 oro
1366 3024 1468 3106 adedo
1491 3025 1573 3107 ἀνὴρ
1595 3023 1721 3133 (ξναθόξ
1740 3049 1814 3091 ”⁰1⁵
1834 3026 1893 3106 po
1915 3023 2029 3106 sande,

238 3147 355 3203 tecum
378 3145 413 3203 et
435 3159 515 3204 cum
541 3134 621 3204 aliis
640 3135 709 3228 piis
731 3135 848 3226 ipsum
870 3135 984 3207 lilium
1001 3133 1084 3222 Dei,
1111 3139 1228 3208 domi·
1448 3110 1558 3176 ἄλλοτε
1580 3111 1599 3174 δ
1621 3111 1748 3185 ἐσθλοί·

239 3259 326 3304 num
352 3249 514 3306 nostrum
544 3234 661 3306 lesum
691 3231 895 3322 Christum,
925 3240 1131 3321 crucifixum
1161 3261 1225 3332 pro
1279 3231 1328 3306 Et
1346 3249 1439 3306 certe
1460 3234 1529 3304 tuis
1555 3233 1700 3324 optimis
1726 3234 1888 3304 versibus
1907 3234 2074 3304 laudatus
2089 3243 2152 3304 est.
2202 3225 2277 3299 Ex-

238 3338 343 3407 nobis
359 3349 392 3406 et
412 3337 676 3420 resuscitatum,
700 3363 739 3408 ac
762 3361 843 3408 vere
869 3340 1092 3430 colligentem
1114 3355 1226 3412 aeter·
1279 3351 1395 3428 specto
1419 3333 1619 3426 Epicadiou
1641 3335 1797 3427 optimae
1820 3333 2015 3419 Dominae,
2047 3331 2210 3420 coniugis
2230 3331 2278 3400 il-

237 3463 320 3509 nam
336 3435 530 3518 Ecclesiam
554 3463 638 3510 voce
651 3435 856 3530 Evangelii,
881 3455 922 3512 ut
937 3455 970 3514 te
986 3443 1169 3516 confirmet
1192 3459 1226 3516 et
1278 3426 1678 3532 lustriss.Principis*)·
1730 3435 1800 3508 Hic
1824 3461 1967 3532 quoque
1988 3433 2200 3527 praescripsi
2217 3457 2277 3502 ar-

236 3556 396 3634 protegat
417 3555 451 3612 te
477 3541 567 3613 sicut
590 3537 776 3612 Danielem
803 3545 956 3634 protexit
978 3545 1072 3616 inter
1091 3547 1225 3633 leones,
1277 3553 1445 3631 gumenta
1468 3539 1599 3610 nostris
1623 3539 1859 3610 auditoribus.
1922 3537 2022 3608 Bene
2046 3537 2126 3606 vale
2155 3549 2191 3606 et
2218 3558 2278 3604 re-

237 3657 272 3716 et
294 3641 385 3714 sicut
407 3645 561 3717 servavit
584 3645 770 3716 tresviros
793 3645 1224 3744 insoruacebabylonica,
1275 3643 1409 3730 scribe,
1433 3667 1480 3714 an
1494 3637 1558 3712 has
1574 3641 1693 3712 literas
1706 3641 1893 3732 acceperis.
1942 3639 2019 3714 Cal.
2038 3636 2178 3709 Martii.

237 3747 281 3814 de
313 3746 444 3837 quibus
473 3741 539 3814 hos
564 3742 754 3818 versiculos
783 3747 942 3842 quotidie
977 3751 1127 3824 recitant
1153 3753 1223 3822 mei
1787 3739 1977 3836 Philippus
1996 3734 2226 3813 Melanthea.

236 3847 454 3918 convictores
470 3849 514 3916 ad
529 3869 702 3916 mensam:

286 3953 332 4018 Te
352 3969 471 4019 maneat
486 3977 603 4038 semper
617 3971 749 4020 servante
762 3953 894 4022 Ecclesia
913 3956 1026 4024 Christi

285 4053 460 4144 Insertoque
475 4061 554 4141 ipsi,
580 4079 636 4120 nos
650 4073 702 4122 tus
719 4061 822 4122 dextre
834 4075 924 4144 tegat.

285 4159 361 4224 Tres
375 4167 459 4225 velut
474 4167 507 4224 in
523 4165 644 4224 flemma
656 4175 745 4226 testes
760 4165 942 4245 babylouide
957 4187 1053 4228 serves
1289 4133 1356 4208 ΝΟ·
1370 4127 1484 4208 5554·

284 4259 354 4326 Rex
368 4267 423 4326 ubi
437 4279 641 4348 praesentem,
668 4279 699 4327 te
714 4265 792 4328 vidit
808 4287 869 4328 etse
883 4263 994 4329 Deum.
1952 4330 1961 4348 ‚

235 4353 343 4430 Mitto
368 4361 436 4431 tibi
464 4363 618 4452 pagellas
653 4363 696 4432 de
724 4361 884 4454 principe
904 4358 1133 4448 Anhaldino‚
1159 4365 1222 4458 qui
1540 4327 1603 4420 Α·
1631 4329 1999 4450 Hardfnberyw·

233 4461 339 4530 etiam
353 4463 484 4533 multos
498 4487 643 4554 magnos
654 4465 794 4535 dolores
808 4480 952 4558 propter
967 4465 1221 4538 contessionem
1344 4487 1413 4561 Epp.
1431 4487 1463 4540 sd
1481 4485 1717 4560 {tudenbergtum
1733 4507 1774 4560 ep.
1790 4486 1854 4544 ΧΠ.

232 4555 420 4654 Evangelii
437 4565 595 4658 pertulit.
620 4563 718 4636 Bene
729 4568 817 4640 vale.
845 4565 992 4644 Calend.
1006 4563 1142 4643 Martii.
1183 4563 1187 4570 ’
1450 4639 1506 4714 D·
1533 4637 1726 4714 Albam
1752 4639 2083 4742 Hardchergio

149 4821 153 4834 ⁸
265 4817 300 4892 *)
316 4819 447 4877 Βῃῃιη.
478 4823 527 4906 qq}
545 4825 615 4880 {mm
634 4825 844 4907 quoque·epi⁸{·
863 4826 915 4881 gibi
936 4823 1081 4896 dau-{pm
1103 4823 1167 4879 Vol,
1186 4823 1221 4880 ss·
1273 4783 1324 4874 S·
1347 4801 1391 4874 D·
1443 4799 1656 4874 Reverende
1681 4803 1738 4872 Vir
1762 4819 1797 4876 eh
1823 4804 2002 4876 cariSSime
2015 4807 2138 4878 stater·
2192 4803 2273 4876 Sti·

300 4908 345 4963 ‘P‘
366 4892 411 4948 ⁶⁸·
427 4859 568 4977 adscripsit
584 4893 681 4980 Μ’.
702 4894 824 4961 ”⁵¹¹¹'0'1
846 4895 985 4968 ³²¹¹²⁸¹¹¹2
1003 4895 1150 4978 M⁰‘²'!¹.³·
1167 4894 1222 4948 ¹³²·
1275 4925 1353 4974 mus
1368 4905 1407 4973 iu
1422 4899 1489 4976 hae
1503 4917 1659 4975 extrema
1673 4919 1708 4976 et
1723 4905 1835 4976 delira
1849 4907 1977 4977 mundi
1994 4921 2134 4979 senecta
2154 4907 2272 4977 maio-

299 4969 383 5031 „stor
395 4959 562 5045 Cadsueusrs
576 4961 730 5031 Ecclesiae,
748 4983 805 5018 uon
820 4965 910 5018 solum
926 4963 959 5046 ab
975 4963 1138 5044 adversatus
1172 4981 1220 5016 re-

300 5039 399 5098 „runt
414 5039 495 5086 ettam
513 5033 553 5115 ab.
572 5033 619 5097 iis,
636 5034 683 5104 qui
696 5053 758 5088 cum
769 5033 806 5116 ξι]
818 5042 998 5116 constantiam
1017 5031 1122 5086 hortare
1135 5000 1221 5087 debe·

298 5099 407 5238 tiit?
419 5099 1035 5254 pttpt‘lltfll,ilttttls't'alistd‘lttl?
1049 5109 1118 5226 db}
1132 5101 1219 5228 ‚¹0⁵3
1305 5170 1336 5242 a,
1354 5169 1494 5241 mestus
1508 5171 1541 5226 a.
1554 5171 1677 5246 supe,
1695 5173 1778 5256 essu
1836 5171 2098 5228 losannensem·
2109 5172 2199 5228 uuus
2211 5173 2272 5229 sss.

484 5240 520 5292 od
544 5239 684 5294 sedetiosas
703 5255 854 5293 conciones
876 5240 996 5297 haberet.
1037 5239 1123 5311 igitur·
1142 5242 1217 5302 1555.
1339 5240 1496 5304 Electoris,
1513 5251 1575 5295 nats
1587 5260 1619 5294 ea
1633 5241 1736 5296 tuniba
1747 5243 1780 5296 Iu
1792 5242 1957 5312 Meuium,
1976 5253 2088 5298 morsus
2100 5243 2271 5298 usmete.

232 5325 240 5340 ⁴
297 5246 417 5375 :iddddd
429 5255 505 5362 eddo
519 5309 552 5362 sd
566 5325 704 5363 saronem
718 5308 923 5392 iterumtraptus
943 5309 1039 5364 eodem
1058 5327 1132 5366 anuo
1151 5325 1215 5366 ms·
1339 5310 1417 5394 16⁵¹&
1461 5309 1635 5382 Epitaphius
1656 5329 1673 5364 a
1689 5311 1870 5369 Melanthum
1886 5311 2021 5387 scriptum
2040 5311 2099 5369 vit.
2124 5311 2153 5366 in
2175 5310 2271 5368 Eiuro.

296 5385 434 5448 „gnatum
448 5377 647 5432 nonnullorum
660 5377 788 5448 precibus
801 5376 927 5433 dommus
939 5377 1013 5432 αι’·
1340 5381 1513 5450 Εριμιιῃιῃ,
1532 5398 1560 5450 p.
1574 5377 1636 5433 225.
