4688 5816
209 253 284 332 786
619 341 622 348 Ι
786 229 1223 316 EPISTOLARUM
1277 227 1499 310 1218.le
1548 227 1685 310 lind.
2175 225 2258 304 '16⁶

478 406 662 490 Daoidi
684 403 933 508 Chytraeo,
1201 444 1206 457 ·
1257 401 1366 498 idque
1381 415 1423 474 ut
1436 403 1588 489 faciam
1604 395 1921 498 aliquoslrortstns
1934 421 2026 477 sum.
2060 395 2167 496 Aqua
2187 423 2261 470 nn·
2324 464 2326 472 .

1256 507 1312 576 bis
1329 506 1436 576 missu
1451 520 1523 594 est,
1547 505 1587 575 in
1602 529 1671 599 qna
1687 503 1844 574 vidimus
1858 504 2009 574 multam
2023 525 2098 574 esse
2112 499 2265 600 ὠχρὴν,

1256 609 1355 680 velut
1369 631 1514 680 arenam
1530 607 1791 692 subsidentem,
1806 605 2019 678 metallicam
2035 619 2169 676 terram
2191 608 2266 696 gil-

1256 733 1361 880 a
1858 703 2169 878 ”saaca
2180 708 2268 880 a:

359 867 851 1066 *saracenae
868 853 1207 1036 anactea}
1257 835 1437 998 aaa.
1461 923 1505 986 ..

221 1095 298 1162 lero
329 1095 474 1176 propter
495 1073 748 1148 dissensionem
785 1069 824 1138 in
849 1063 1008 1138 Ecclesia
1041 1055 1210 1158 περὶτῆς
1259 1037 1328 1158 Ψ
1348 1016 1420 1086 3⁸¹³
1444 1039 1486 1086 ⁸⁰
1512 1011 1672 1134 '‘hlmf}
1716 1011 1816 1084 Bene
1836 1014 1962 1088 ”leia
2020 1011 2127 1084 Mlllo
2147 1013 2270 1098 {vobis

1260 1117 1424 1210 pagellas·
1473 1120 1537 1192 et.
1552 1115 1708 1209 Aprrlrs,
1733 1109 1844 1186 Anne
1863 1111 1974 1189 1556.

225 1185 407 1279 σπονδῆς,
434 1204 522 1275 quae
538 1175 777 1290 debebatesse
797 1171 923 1240 foedus
936 1181 1081 1287 mutuae
1100 1169 1209 1280 bene·
1772 1211 1962 1310 Philippus
1982 1211 2215 1288 Melanthum

226 1290 413 1364 solertiae.
472 1279 545 1356 Nec
568 1276 722 1346 remedia
745 1271 818 1343 ulla
842 1283 973 1342 tentarr
996 1279 1146 1362 possunt
1171 1288 1209 1332 ru

225 1395 334 1472 tantis
348 1383 523 1458 incendiis
538 1377 732 1452 recentium
749 1374 928 1444 odiorum.
980 1367 1136 1458 Urgetur
1154 1389 1210 1434 er-

228 1523 272 1588 ga
304 1515 414 1584 genus
451 1482 648 1556 humanum
689 1473 926 1547 horribilibus
963 1471 1098 1566 poenis.
1162 1461 1212 1538 Et
1278 1503 1345 1576 No·
1359 1499 1474 1578 596&

229 1593 386 1670 fortassis
407 1587 477 1660 hoc
499 1607 594 1656 anno
625 1581 669 1652 ad
701 1579 789 1648 alias
818 1575 1032 1648 calamitates
1061 1569 1213 1644 accedet.
1271 1601 1484 1644 Μ

229 1701 299 1776 Sed
325 1690 569 1782 confugiamus
591 1685 635 1753 ad
660 1680 794 1752 Filium
819 1679 889 1750 Dei
914 1691 950 1749 et
971 1689 1150 1769 petamus,
1175 1681 1215 1740 ut
1535 1651 1601 1744 Α.
1623 1654 1989 1770 Hardettbergt'o.

230 1801 341 1872 leniat
357 1795 512 1888 privatas
530 1800 565 1858 et
581 1783 741 1880 publicas
754 1781 925 1852 miserias.
976 1777 1100 1848 Frater
1117 1794 1216 1842 mens
1335 1779 1405 1855 Epp.
1421 1781 1456 1837 sd
1473 1779 1664 1856 medentem.
1680 1801 1725 1856 ep.
1739 1783 1783 1842 16.

231 1899 447 1976 desiderium
465 1889 580 1962 nostri
594 1900 630 1957 et
644 1907 743 1978 spem
759 1882 914 1954 ostendit
926 1881 1099 1950 adventus
1118 1876 1156 1944 in
1169 1875 1217 1943 li·
1438 1901 1494 1977 D·
1518 1899 1715 1980 Ammo
1739 1901 2082 2005 Hardebargia.

233 2005 319 2076 teris
343 1999 427 2072 suis.
477 1987 701 2066 Desiderium
725 1979 817 2054 milri
838 1996 964 2066 notum
985 1994 1052 2066 est;
1086 1980 1130 2050 de
1156 1977 1219 2046 ad-

234 2119 347 2176 ventu
366 2122 450 2169 vero
465 2093 610 2176 dubito,
635 2101 670 2159 et
691 2099 835 2180 propter
850 2084 1087 2179 praefecturae
1104 2078 1220 2152 adrni-

236 2201 500 2284 nistrationem,
526 2217 632 2289 mam
649 2189 716 2260 scis
731 2183 862 2262 habere
878 2209 1040 2278 magnam
1057 2181 1221 2274 negocio-

235 2334 317 2382 rum
337 2305 485 2386 molem,
501 2311 536 2372 et
548 2295 692 2390 propter
710 2303 910 2382 temporum
924 2287 1117 2358 tristitiam.
1150 2281 1221 2354 Sed

236 2434 359 2506 spero,
383 2407 477 2488 fore,
502 2414 543 2471 ut
555 2393 712 2470 Ecclesia
727 2394 766 2463 in
779 2404 854 2463 tota
869 2390 1005 2464 ditione
1026 2390 1075 2458 ita
1091 2383 1224 2457 consti-

237 2527 377 2594 tuatur,
409 2520 450 2577 ut
482 2515 515 2574 et
540 2499 610 2593 pia.
626 2510 661 2567 et
682 2495 906 2566 consentiens
926 2494 1042 2562 forma
1062 2489 1119 2562 sit.
1177 2481 1226 2558 Et

239 2619 311 2688 iam
329 2605 472 2680 Ducem
487 2597 678 2673 Alberfum
697 2591 924 2682 Bovaricnm
943 2593 1050 2664 audio
1074 2590 1146 2662 suis
1164 2587 1227 2658 diu

240 2721 312 2790 iam
326 2708 529 2806 petentibus
546 2722 796 2774 concessurum
814 2721 886 2768 esse
903 2719 1007 2766 usum
1023 2689 1153 2786 integri
1161 2687 1228 2762 Sa·

238 2803 459 2906 crementi*)
484 2823 518 2880 et
542 2805 610 2876 alia
629 2803 805 2898 quaedam
825 2798 929 2869 initia
956 2791 1228 2878 emendationis,

242 2920 307 2992 etsi
323 2903 625 3004 Saltaburgensis
643 2903 809 2978 atrociter
824 2912 1007 2994 repugnat.
1046 2897 1117 2969 Sed
1133 2917 1232 2964 com-

146 3025 150 3034 ’
242 3021 452 3094 meudemus
485 3035 551 3084 nos
585 3007 674 3081 Deo.
731 3003 934 3094 Literarum
957 3015 1114 3092 partem,
1146 3018 1233 3088 quas

246 3119 386 3214 scripsit
399 3118 525 3200 freter,
540 3111 656 3183 mitto.
707 3103 805 3176 Bene
823 3105 915 3180 vale.
941 3098 1232 3274 diqpllfidprilis.

1042 3223 1185 3294 rrppus.

215 565 266 656 S.
289 569 335 649 D.
393 567 537 642 Clariss.
569 563 625 633 vir
656 575 691 633 et
725 559 844 632 caries.
877 558 996 631 frater.
1054 547 1205 642 Quoties

216 677 348 774 aspicio
373 673 492 742 Albim
525 680 706 749 nostrum,
736 661 873 752 cogito,
903 681 976 728 non
1008 655 1204 726 sitantum

218 779 480 874 lachrymarum
498 771 647 842 fundere
664 787 820 858 possem,
835 773 1010 856 quantum
1027 757 1205 826 sanderum

2103 1507 2264 1628 2233.

1270 2027 1317 2116 S.
1341 2035 1387 2113 D.
1437 2033 1647 2110 Reverende
1664 2037 1738 2126 vir,
1764 2053 1798 2109 et
1814 2037 1994 2110 carissime
2010 2039 2130 2116 frater.
2179 2041 2267 2114 Seio

1270 2143 1408 2236 aliquot
1415 2137 1599 2231 Principes
1616 2140 1719 2217 valde
1735 2153 1872 2234 petere,
1887 2154 1929 2215 ut
1941 2142 2036 2212 docti
2052 2142 2270 2237 colloquan-

1272 2261 1341 2318 tur.
1391 2238 1505 2337 quue
1513 2237 1672 2312 Ecclesia
1686 2245 1784 2334 petit.
1837 2239 1886 2312 Et
1903 2267 2107 2336 quanquam
2121 2245 2178 2314 illi
2194 2246 2268 2315 im-

1272 2346 1444 2442 pediunt,
1469 2341 1533 2438 qui
1556 2343 1627 2414 iam
1648 2367 1724 2414 non
1748 2343 1873 2436 procul
1894 2342 2119 2438 aLubeca¹)
2142 2348 2269 2418 decre·

1275 2457 1426 2532 verunt,
1453 2467 1489 2515 se
1511 2469 1585 2514 nou
1608 2445 1768 2517 adtiuros
1789 2467 1863 2514 esse
1884 2445 1996 2516 ullam
2020 2448 2172 2518 aliorum
2197 2449 2269 2544 Sy-

1276 2552 1431 2629 nodnm,
1457 2561 1577 2618 tamen
1591 2571 1712 2619 rerum
1729 2547 1936 2636 magnitudo
1963 2561 2103 2642 poscet,
2126 2564 2168 2622 nt
2190 2553 2269 2644 pri-

1279 2665 1359 2724 vato
1383 2645 1499 2720 officio
1526 2649 1639 2743 aliqui
1661 2649 1896 2735 conveniant,
1929 2661 1964 2720 et
1985 2673 2199 2723 eonsensum
2222 2657 2269 2724 de

1279 2753 1402 2826 multis
1418 2753 1524 2822 rebus
1538 2749 1767 2843 constituant,
1784 2751 1880 2845 quod
1897 2773 1998 2844 spero
2015 2765 2050 2822 et
2064 2753 2143 2823 lieri
2156 2779 2271 2846 posse,
2319 2821 2331 2850 Ι

1281 2869 1317 2929 et
1339 2853 1415 2927 Deo
1437 2853 1580 2924 iuvante
1605 2855 1835 2945 profuturum
1857 2875 1930 2923 esse
1950 2875 2053 2923 verae
2075 2851 2270 2930 Ecclesiae.

1281 2957 1374 3031 Cum
1390 2956 1485 3024 enirn
1503 2954 1654 3026 sinimus
1670 2953 1837 3050 impediri
1853 2969 1947 3026 recta
1963 2957 2110 3027 consilia
2127 2961 2271 3050 praeiu-

1284 3060 1387 3132 diciis
1401 3057 1521 3128 nescio
1536 3081 1705 3151 quorum.
1759 3055 1833 3126 lam
1850 3058 1929 3128 edet
1944 3057 2057 3128 libros
2070 3075 2196 3133 contra
2214 3087 2270 3131 me

1285 3165 1330 3234 de
1346 3159 1467 3232 Stoica
1483 3160 1704 3246 necessitate,
1728 3152 1914 3231 atticorum
1930 3151 2092 3242 Gallus,
2118 3163 2184 3256 qui
2195 3163 2269 3236 Ra.

1286 3265 1447 3336 tisbonae
1463 3273 1526 3334 est.
1577 3259 1650 3332 Ubi
1665 3261 1809 3347 videro,
1826 3257 1900 3330 Deo
1915 3259 2060 3334 iuvante
2075 3267 2273 3356 responde-

247 3403 1234 3448 -„,„„.„.„-..--.....--.-----
1286 3369 1345 3437 bo.
1381 3363 1436 3434 Te
1452 3376 1570 3434 autem
1584 3387 1668 3450 oro,
1692 3386 1738 3434 ne
1752 3385 1918 3456 properes
1934 3363 1977 3432 ad
1995 3377 2173 3436 certamen
2193 3393 2273 3437 cum

1289 3465 1445 3556 collegis.
1501 3459 1581 3534 Oro
1603 3465 1708 3538 etiam
1728 3479 1768 3535 ut
1790 3463 1901 3534 multa
1925 3465 2138 3538 dissimules.
2189 3468 2276 3540 Pre-

251 3557 443 3692 Q·
1061 3545 1233 3668 Q
1290 3569 1429 3641 catione
1450 3567 1494 3636 ad
1514 3563 1649 3637 Filium
1664 3565 1733 3638 Dei
1751 3567 1908 3659 primum
1931 3591 1997 3636 nos
2018 3591 2215 3652 armemus,
2241 3587 2276 3643 et

540 3737 592 3826 a.
621 3735 948 3824 rueram.
1289 3677 1791 3863 :carcasona
1812 3663 2280 3862 {tarataram}

350 3893 451 3957 Manlii
468 3893 566 3963 τινας.
584 3910 611 3964 p
623 3891 675 3949 ³9⁵
687 3907 728 3962 sq.
1256 3891 1257 3894 ’
1291 3889 1470 3969 petamus,
1494 3885 1535 3941 ut
1547 3871 1644 3942 Deus
1659 3897 1725 3944 nos
1745 3873 1936 3962 gubernet,
1960 3885 1996 3944 et
2019 3888 2134 3945 servet
2151 3873 2280 3948 Eccle-

328 4001 333 4012 ’
1295 3977 1365 4047 siae
1387 3973 1573 4068 reliquias,
1599 3991 1633 4047 et
1653 3973 1729 4046 eius
1749 3973 1896 4044 vulnera
1917 3987 2027 4050 sanet.
2078 3973 2284 4052 Anteduos

1294 4099 1432 4148 menses
1453 4074 1598 4169 quidam
1616 4069 1810 4146 Lituaaus
1834 4090 1869 4148 et
1891 4075 2085 4148 Serveticas
2108 4081 2284 4176 reliquias

257 4184 309 4273 S.
336 4197 379 4269 D.
431 4189 641 4264 Reverende
656 4185 723 4269 vir,
740 4197 774 4254 et
790 4179 994 4252 charissime
1010 4183 1129 4250 frater.
1156 4175 1243 4248 Sum
1295 4177 1449 4251 exltalia
1465 4178 1722 4272 attulit‚quem
1738 4177 1842 4249 etiarn
1856 4178 2010 4250 refutare
2024 4177 2161 4277 cepi')
2183 4183 2284 4255 Bene

257 4292 586 4370 hortatus'medicos
599 4289 736 4360 vicinos
757 4284 851 4355 fonti
866 4281 1060 4365 Saronico,
1086 4293 1125 4349 ut
1140 4280 1247 4347 edant
1296 4283 1376 4352 vale
1392 4293 1427 4351 et
1443 4279 1606 4351 rescribe.
1657 4277 1725 4351 Die
1740 4279 1898 4370 Georgii.

262 4423 381 4469 veram
408 4393 679 4484 descriptionem
710 4385 953 4476 scaturiginis,
988 4397 1022 4453 et
1047 4381 1246 4455 effectuum.
1804 4377 1994 4478 Philippus
2007 4376 2238 4462 Melantho„-

262 4484 1247 4588 lntelligoautemacaturiginemesseinterrametallica,
1335 4529 1338 4536 ι
1408 4478 1556 4554 Domini
1586 4479 2175 4571 consrslis·Filium'commendavi
2210 4493 2288 4562 viro

262 4605 364 4674 cuius
385 4621 469 4670 usus
492 4609 543 4665 est
566 4593 604 4661 iu
629 4593 842 4686 emplastris:
868 4603 903 4660 et
924 4588 997 4655 vim
1020 4583 1249 4656 habetdissi·
1313 4593 1317 4600 '
1351 4581 1641 4658 eruditoAnlon.
1665 4578 1905 4678 Wolterffi),
1931 4587 1991 4680 qni
2008 4590 2174 4676 prodesse
2199 4607 2235 4664 et
2258 4595 2290 4663 ei

262 4702 373 4799 pandi
387 4701 502 4770 lentos
516 4697 850 4777 lluxrrsettumores,
864 4687 1247 4761 utDioscorideeetiam
1352 4691 1391 4758 in
1415 4687 1579 4758 exercitio
1597 4687 1680 4782 styli
1695 4689 1835 4779 poterit.
1878 4681 1941 4758 'Et
1962 4684 2028 4757 hoc
2051 4691 2164 4782 magis
2188 4719 2293 4789 expe.

264 4807 371 4889 dicit,
398 4817 431 4871 et
447 4821 573 4870 nervos
588 4805 734 4884 recreat.
762 4793 847 4863 ldeo
862 4794 942 4862 fons
956 4791 1018 4860 ille
1032 4803 1250 4860 sanatmem-
1352 4793 1449 4862 tebat
1468 4787 1702 4869 Adolescens,
1729 4813 1835 4882 quam
1854 4803 1893 4858 ut
1914 4813 1997 4862 mox
2013 4791 2090 4862 siue
2112 4789 2170 4863 bis
2193 4823 2294 4870 exer.

263 4915 328 4980 bra
346 4905 468 4976 affecta
484 4899 660 4994 paralysi,
675 4907 715 4966 ut
734 4893 804 4964 iam
820 4894 937 4986 aliqua
948 4893 1104 4984 exempla
1120 4905 1253 4960 testan-
1354 4893 1447 4961 ciliis
1469 4903 1606 4960 tantum
1629 4890 1721 4962 luris
1746 4891 1913 4962 lectiones
1939 4892 2090 4973 audiret.
2144 4890 2194 4968 Et
2214 4903 2294 4971 volo

264 5029 339 5082 tur:
354 5031 394 5078 ae
411 5004 528 5074 iudico
545 5000 743 5072 sanationes
759 4991 920 5091 physicas
933 4993 1016 5078 ess'e,
1032 5007 1065 5063 et
1076 4993 1254 5082 singulare
1346 5005 1557 5078 'tamem-ut
1575 4993 1815 5076 institutiones
1834 4989 1926 5075 loris
1949 4982 2082 5065 audiat.
2132 4995 2293 5072 Salutem

264 5112 334 5184 Dei
350 5106 572 5181 beneficium.
597 5101 677 5173 Scio
694 5102 804 5170 multa
818 5099 937 5189 inepte
951 5095 1254 5180 dici,sedvellem
1351 5078 1910 5218 patrie'tvobisomnibusoptp.
1962 5091 2059 5178 Ben'e
2080 5097 2170 5172 vale.
2214 5109 2219 5118 ’

268 5217 392 5287 doctos
412 5221 447 5280 et
461 5209 617 5294 integros
631 5204 851 5274 virosedere
869 5223 968 5272 veras
987 5197 1255 5288 descriptiones:
1307 5212 1542 5346 mo
1559 5220 1663 5328 mn

307 5427 338 5492 s)
363 5419 407 5478 Cf.
419 5416 522 5492 pagella
535 5413 641 5469 adiecta
656 5409 734 5483 epist.
747 5411 780 5467 ad
794 5411 895 5482 Regem
907 5407 1011 5464 Danias
1024 5407 1050 5468 d.
1065 5411 1088 5466 1.
1099 5407 1164 5466 Mali
1181 5409 1257 5468 1⁵⁵6.
1343 5347 1374 5480 {l
1389 5343 1456 5466 lliil.
1474 5345 1923 5486 ll’rsletl4Gldllsghtl11957n
1939 5413 2058 5484 (Dens)

255 4057 459 4154 Georgia
473 4043 836 4133 Buchholtzero,
850 4023 1244 4142 PraeposifoBcrols'n.
