4714 5832
106 223 131 292 o
689 169 1119 290 neleromaou
1146 201 1384 292 meme.
1440 197 1569 290 lass.
2101 215 2155 289 ao

210 389 290 462 llos
313 385 374 482 qui
400 397 579 464 statuunt,
596 404 600 417 '
617 381 807 474 agnoscere
837 385 956 458 etiam·
971 386 1101 454 debent
1154 377 1309 468 enei-int,
1338 397 1372 454 et
1389 398 1517 455 uxores
1534 373 1696 476 oportere
1710 373 1916 454 communes
1927 397 2078 470 este,.et
2091 373 2151 455 lez:

108 493 268 584 ingentia
283 487 464 566 beneficia,
483 511 573 580 qnae
586 483 682 556 Dens
696 483 871 558 Ecclesiae
887 487 1030 558 tribuit:
1050 509 1101 570 ac,
1155 501 1207 556 tna
1233 488 1388 577 exempla
1410 487 1546 560 recitat.
1597 481 1690 554 Vide
1710 499 1824 554 autem
1841 483 2009 561 'insidiasl
2060 485 2142 556 Non

108 609 151 666 nt
171 596 245 664 iam
268 595 312 662 de
333 589 460 662 ceteris
480 611 553 658 non
576 589 712 671 dicam,
740 601 870 682 quanta
894 590 988 660 bona
1005 603 1100 668 utut,
1153 589 1191 656 bt
1213 589 1347 657 mentio
1374 585 1584 659 Mediatoris
1606 579 1644 654 iit
1667 587 1873 656 delinitione
1899 583 2090 672 mathiae,-
2108 603 2150 658 et·

108 697 207 790 qnod
230 695 341 764 lilium
366 691 482 772 misit,
513 705 553 761 nt
576 705 665 760 esset
685 692 864 760 redemtor
877 705 911 761 et
927 689 1101 773 Salvator,
1153 690 1330 760 omittitur
1346 691 1402 774 id,
1428 692 1522 783 quod
1542 692 1747 781 praecedere
1766 711 1903 758 necesse
1919 703 2015 774 erat,
2032 689 2151 758 ciete:

108 800 205 890 quod
234 819 297 886 per
327 818 408 862 eum
434 791 596 882 patefecit
620 793 800 861 decretum
824 795 871 862 de
894 791 1101 862 reconcilia-
1154 793 1234 861 lieet
1248 791 1406 862 remissio
1419 806 1663 882 peccatorum,
1693 797 1728 859 et
1742 790 1983 861 reconciliatio
1997 801 2142 882 propter

108 899 208 970 tione
231 896 399 968 etsalnte
420 907 558 976 trustra,
591 895 690 985 quod
713 917 775 963 sue
796 894 1100 985 roceperbliuru,
1153 892 1404 976 Mediatorem,
1437 895 1550 963 lilium
1565 891 1643 962 Dei.
1695 889 1852 962 Actuue
1875 885 2141 984 itthomnpar·

108 1023 172 1092 per
190 993 381 1090 prophetas
399 1009 434 1066 et
447 991 638 1086 Apostolos
657 1018 721 1062 nos
736 997 857 1078 docet,
884 1009 918 1065 et
932 1021 1020 1066 voce
1035 997 1101 1064 do·
1153 995 1260 1086 ticeps
1285 1009 1432 1065 naturae
1454 996 1616 1079 divinae,
1642 1017 1722 1063 cum
1739 993 1807 1062 bele
1822 994 2141 1084 accipiet-emireiu-

108 1101 246 1172 ctrinae
267 1096 408 1185 collegit
430 1111 608 1166 aeternam
631 1091 837 1166 Ecclesiam.
887 1095 996 1186 Quod
1020 1121 1099 1166 urm
1153 1121 1234 1164 nem
1260 1110 1483 1187 peccatorum
1509 1111 1542 1167 et
1558 1119 1598 1166 ex
1613 1095 1797 1166 doloribus
1815 1095 2013 1166 inferorum
2027 1108 2140 1168 retra-

107 1202 158 1274 ita
191 1201 255 1286 ait,
294 1223 374 1270 cum
408 1195 510 1267 Pauli
544 1197 733 1266 conciones
764 1199 948 1284 andimus,
984 1197 1099 1268 Βειιω
1152 1193 1260 1271 hitur.
1312 1197 1361 1268 At
1377 1195 1629 1272 Enthusiastae
1642 1197 1770 1267 omissa
1787 1198 1947 1266 doctrine
1963 1199 2008 1268 de
2021 1197 2091 1268 fide
2106 1210 2141 1268 et

108 1303 227 1396 ipsum
247 1300 346 1394 loqui
361 1323 424 1390 per
438 1294 506 1370 hoc
525 1321 719 1386 organum,
749 1299 932 1372 sciendum
949 1315 1040 1386 erat,
1067 1313 1101 1370 et
1152 1303 1195 1370 de
1226 1323 1309 1370 vera
1342 1301 1582 1372 consolatione
1613 1301 1750 1390 lingunt
1772 1298 1970 1370 societatem
1996 1299 2140 1370 divinae

108 1417 314 1476 reverenter
336 1401 506 1470 adsentiri
532 1423 596 1468 nos
618 1397 696 1469 Deo
717 1403 921 1492 oportebat,
953 1418 987 1474 et
1010 1403 1100 1472 velle
1151 1413 1299 1472 naturae
1313 1425 1386 1470 esse
1401 1425 1480 1472 suas
1493 1403 1749 1496 speculationes
1763 1424 1824 1470 seu
1839 1399 2024 1472 illabentes
2033 1399 2139 1472 ideas.

110 1505 304 1597 discipulos
319 1525 391 1572 esse
409 1501 506 1570 vocis
520 1501 681 1585 divinae,
706 1526 781 1572 nou
798 1505 1030 1574 cavillatores.
1152 1501 1278 1573 Postea
1298 1504 1513 1576 addiderunt
1537 1504 1744 1596 particulam
1767 1497 1862 1594 μετὰ
1879 1495 2048 1595 ἰσότητος
2053 1553 2069 1591 ,
2099 1516 2140 1574 ut

215 1603 354 1676 Accidit
368 1617 486 1674 atatem
500 1603 688 1694 praecipue
705 1603 742 1670 in
762 1603 861 1673 Pauli
877 1606 1034 1696 scriptia,
1059 1617 1100 1674 ut
1152 1607 1467 1696 complecterentur
1493 1621 1672 1676 externam
1696 1617 1730 1674 et
1749 1603 1891 1674 civilem
1907 1603 2140 1674 consociatio·
2211 1695 2213 1700 Ι

109 1705 342 1778 audacissime
370 1705 560 1774 dilacerata
587 1705 658 1774 sint
679 1704 1011 1798 interpretationum
1038 1731 1101 1776 va·
1152 1731 1246 1780 nem.
1288 1705 1339 1776 lta
1353 1721 1424 1777 tota
1439 1708 1601 1778 delinitio
1615 1707 1775 1801 loquitur
1788 1707 1831 1774 de
1847 1705 1979 1776 iustitia
1991 1727 2139 1796 operum
2192 1709 2196 1717 ’

110 1809 246 1882 rietate.
303 1797 502 1898 Origenes,
532 1819 573 1876 ut
595 1805 643 1876 ita
665 1806 799 1891 dicam,
832 1831 976 1900 prorsus
1000 1807 1102 1888 laroc
1152 1809 1361 1878 interiorum
1382 1823 1416 1878 et
1431 1809 1663 1893 exteriorum,
1682 1833 1764 1904 'non
1780 1809 1824 1874 de
1839 1831 1896 1892 ee,
1923 1827 2028 1900 qoam
2044 1805 2139 1878 Pau-

109 1906 203 1982 ὁδοῦ
218 1907 350 1992 currit,
376 1921 409 1976 et
428 1907 653 1976 transformat
665 1905 818 1978 Paulum
833 1911 870 1978 in
887 1911 1099 1980 contrariam
1152 1911 1207 1982 lus
1220 1911 1380 1982 nominat
1398 1910 1568 1980 iustitiam
1588 1911 1679 1982 fidei.
1732 1907 1783 1980 lta
1799 1903 1857 1978 his
1873 1908 2018 1998 triginta
2035 1907 2139 1978 annis

109 2011 339 2092 sententiam,
360 2031 439 2078 cum
456 2001 514 2076 hic
530 2010 667 2078 doceat:
694 2006 781 2078 Fide
797 2012 1036 2096 laetificamur,
1062 2011 1099 2080 id
1152 2014 1196 2082 de
1215 2013 1332 2084 nativa
1352 2009 1454 2082 Pauli
1477 2013 1651 2084 sententia
1668 2011 1877 2085 dimicamus
1893 2035 1973 2080 cnm
1988 2023 2138 2102 utroque

111 2125 182 2196 est,
209 2125 353 2202 propter
374 2109 487 2178 tilium
506 2105 591 2194 Dei,
616 2109 724 2198 gratis
745 2111 832 2198 fide,
858 2137 931 2182 non
955 2129 1103 2206 propter
1152 2139 1278 2202 genere
1302 2113 1621 2204 praestigiatorum,
1652 2139 1732 2185 cuur
1747 2105 1936 2182 Monachis
1952 2125 2079 2182 etcum
2093 2111 2139 2180 il-

111 2227 232 2282 nostra
256 2213 344 2282 facta
367 2233 431 2280 seu
451 2223 593 2280 nostras
609 2212 755 2280 virtutes
768 2215 959 2306 accipimus
975 2240 1102 2284 recon-
1151 2215 1194 2286 lis
1210 2216 1370 2308 superbis
1387 2215 1559 2300 socraticis,
1583 2213 1643 2309 qui
1660 2217 1703 2286 ad
1720 2217 1823 2285 llatus
1838 2238 1920 2284 suos
1934 2213 2021 2300 falso
2039 2211 2146 2284 iacti-.

110 2315 344 2386 ciliationem:
378 2304 558 2404 Origenes
574 2327 699 2382 contra
712 2313 847 2406 inquit,
873 2329 1018 2408 propter
1033 2339 1100 2384 no·
1151 2332 1246 2400 tant,
1266 2331 1299 2389 et
1314 2341 1332 2386 a
1350 2331 1536 2405 conspectu
1557 2317 1764 2388 meritorum
1786 2317 1850 2384 filii
1868 2313 1936 2384 Dei
1957 2315 2141 2386 abducunt

110 2415 226 2486 titiam
250 2409 418 2484 historiae
439 2427 472 2486 et
492 2427 612 2482 nostra
627 2415 717 2483 lacta
733 2417 924 2506 accipimus
940 2418 1098 2489 reconei-
1151 2433 1284 2486 mentes
1300 2418 1338 2486 in
1354 2418 1622 2506 admirationem
1639 2442 1722 2488 snae
1744 2417 1922 2495 novitatis.
1948 2413 2138 2508 .Gomperi

108 2517 306 2586 liationem.
361 2511 410 2584 Et
432 2507 528 2584 hunc
550 2515 660 2586 secuti
682 2515 969 2603 suntMonachi,
996 2515 1098 2588 Tbo-
1150 2534 1267 2592 antem
1291 2519 1479 2590 vauitatem
1504 2519 1717 2603 multorum,
1746 2517 2139 2610 quivereerantsimi-

108 2641 185 2686 mas
201 2629 234 2684 et
250 2615 415 2706 deinceps
429 2615 510 2700 alii,
537 2617 597 2708 qm
615 2629 654 2685 ut
671 2617 856 2690 eluderent
871 2621 963 2690 dicta
981 2619 1096 2704 Pauli,
1151 2621 1201 2690 les
1230 2615 1426 2712 sepulchris
1456 2621 1539 2712 picti
1563 2622 1667 2706 loris,
1700 2621 1886 2692 artificiosa
1912 2619 2138 2692 simulatione

109 2710 371 2814 κρησφύγετον
386 2719 429 2784 de
444 2718 511 2786 fide
526 2719 676 2788 formata
686 2721 982 2808 excogitaverunt.
1021 2719 1099 2792 Au·
1150 2737 1352 2792 sanctorum
1371 2737 1550 2812 gestuum:
1581 2723 1677 2796 intus
1696 2746 1781 2794 vero
1803 2721 1901 2816 pleni
1920 2735 2021 2794 eram
2033 2743 2145 2813 spur-=

109 2819 251 2908 guatino
276 2817 429 2888 scintilla
453 2819 596 2888 divinae
616 2819 705 2891 lueis
721 2821 857 2906 illuxit,
880 2837 931 2893 ‘ut
948 2825 987 2892 in
1004 2823 1096 2892 uiam
1150 2825 1263 2898 citiae.
1410 2817 1414 2828 ’
2140 2899 2145 2912 ,

109 2921 274 3003 redierit,
305 2933 340 2990 et
365 2919 576 3002 ostenderit,
600 2920 686 3006 fide,
711 2922 833 3008 idest,
858 2919 1006 2994 fiduciae
1027 2925 1099 2992 mi·-
1249 2923 1388 2996 Deinde
1403 2924 1537 3010 etiamsi
1554 2949 1622 3018 qua
1636 2938 1690 2996 est
1702 2919 1880 2998 inchoatio
1897 2923 2077 3004 novitatis,
2100 2925 2139 2994 in

109 3021 321 3094 sericordiae
334 3021 443 3108 gratis
457 3021 566 3110 accipi
580 3023 914 3100 reconciliationem.
956 3023 1004 3096 At
1019 3023 1100 3096 Ere-³
1149 3027 1360 3096 immensum
1389 3029 1562 3100 anteferre
1588 3027 1757 3115 dehemus
1783 3027 1849 3096 lilii
1870 3023 1951 3096 Dei·
1966 3025 2139 3107 obedien-³

107 3118 298 3192 thusiaatae
320 3123 618 3192 transformarunt
637 3123 789 3194 Paulum
817 3127 855 3195 in
877 3127 1097 3198 Platonicam
1149 3129 1233 3200 tiam
1259 3124 1315 3196 his
1336 3127 1421 3218 ipsis
1437 3129 1569 3198 divinis
1587 3128 1760 3210 motibus,
1785 3129 1846 3221 qui
1863 3127 2144 3214 iu'nobisfiunt,

106 3217 388 3312 Philosophiam.
447 3225 583 3295 lustitia
606 3223 734 3294 Deiin
747 3223 945 3318 Evangelio
966 3227 1097 3322 pateli't,
1149 3229 1226 3300 Hoc
1252 3244 1499 3317 argumentum
1521 3229 1573 3320 pii
1595 3243 1629 3302 et
1647 3249 1748 3322 saepe
1770 3245 1804 3300 et
1825 3243 1955 3302 attente
1973 3231 2139 3320 cogitent,

107 3325 145 3392 id
181 3337 234 3394 est
265 3324 442 3395 delabitur
472 3325 510 3394 iu
538 3321 701 3396 hormms
726 3329 822 3414 idea,
862 3345 902 3400 ut
927 3331 1031 3401 Plato
1058 3333 1097 3400 in
1149 3323 1419 3403 necOsiandri
1436 3331 1650 3410 clamoribus
1671 3331 2138 3422 asimplicietnativasen-

106 3419 270 3500 Phaedro
294 3426 431 3517 iuquit:
460 3422 527 3496 hac
548 3428 625 3498 idea
647 3429 787 3498 lucente
801 3433 839 3500 in
857 3435 962 3502 nobis
975 3452 1101 3503 sunaus
1150 3433 1256 3504 tentia
1272 3431 1394 3517 Pauli,
1419 3459 1530 3525 quarn
1543 3427 1732 3508 Lutherus·
1746 3433 1954 3517 illustravit,
1980 3427 2140 3526 ethnam

107 3527 191 3596 iusti
205 3527 365 3614 allegem
381 3525 581 3616 implemus.
634 3529 1096 3609 Nostraaetashabetimi-
1148 3533 1325 3607 Ecclesiae
1341 3533 1534 3616 Saponicae
1550 3537 1695 3620 dotent,
1720 3535 1849 3619 abduci
1866 3536 2049 3614 aesinant.
2121 3583 2140 3618 ,.

106 3619 873 3719 tatoresetOrigenis,ctEnthusiastarum.
924 3633 1094 3706 Monachi
1249 3635 1348 3706 Nova
1378 3636 1686 3730 grandiloqueptia
1714 3650 1843 3713 tonans
1875 3651 1910 3706 et
1943 3635 2138 3709 fulminans

106 3725 224 3796 adbuc
246 3729 476 3798 deliramenta
501 3755 563 3800 sna
586 3735 765 3802 mordicus
780 3737 945 3808 retinent.
996 3739 1095 3807 Ana·
1148 3729 1339 3814 (lsiander
1360 3733 1511 3810 Paulum
1534 3739 1584 3813 sic
1607 3738 1878 3828 interpretatura
1910 3735 2049 3808 lustitia
2069 3737 2137 3822 Dei

105 3829 279 3920 baptistae
294 3829 423 3900 iactant
441 3831 537 3900 illam
554 3831 653 3902 suam
671 3834 806 3920 ideam,
832 3863 902 3933 qua
924 3841 1095 3910 transfor·
1148 3842 1184 3910 iu
1202 3838 1397 3928 Evangelio
1414 3839 1610 3924 revelatur,
1633 3840 1797 3910 videlicet
1815 3840 1948 3912 iustitia
1969 3840 2138 3922 essentia-

103 3932 194 4002 mari
217 3954 256 4000 se
277 3931 491 4018 gloriantur,
525 3945 559 4002 et
582 3936 686 4004 nobis
707 3939 845 4008 rabiosa
869 3943 1094 4023 maledicunt,
1149 3945 1202 4015 lis.
1256 3940 1330 4030 lmo
1354 3965 1436 4010 vero
1460 3935 1545 4012 haec
1570 3928 1608 4009 in
1633 3942 1707 4030 lege
1722 3943 1906 4032 patefacta,
1938 3956 1973 4028 et
1987 3932 2138 4027 nuncin

103 4034 198 4124 quod
218 4032 378 4114 dicimus,
399 4034 461 4101 etsi
479 4032 516 4102 lit
532 4031 711 4106 inchoatio
724 4041 946 4111 obedieutiae
962 4045 999 4112 in
1016 4068 1093 4112 cor·
1147 4045 1222 4131 lege
1248 4041 1365 4133 patefit
1388 4037 1471 4112 haec
1487 4043 1639 4127 iustitia,
1665 4069 1733 4136 qua
1747 4044 1841 4112 lilius
1856 4042 1921 4111 Dei
1940 4067 2005 4110 nos
2022 4047 2137 4126 vestit,

103 4135 210 4202 dibus
226 4157 244 4198 a
260 4131 398 4222 Spiritu
413 4147 543 4213 sancto,
571 4147 688 4206 tamen
702 4144 883 4212 eredentes
898 4145 1007 4215 iustos
1022 4169 1094 4214 esse
1147 4148 1285 4214 donans
1304 4144 1409 4212 nobis
1431 4145 1672 4214 remissionem
1687 4159 1907 4237 peccatorum
1925 4159 1960 4216 et
1978 4146 2136 4214 reconci-

100 4245 250 4328 propter
278 4233 389 4302 lilium
413 4232 499 4319 Dei,
541 4237 669 4310 fiducia
697 4244 979 4330 misericordiae,
1019 4271 1091 4316 raon
1147 4249 1348 4328 liationem,
1381 4271 1488 4339 qoam
1509 4248 1638 4316 meruit
1662 4270 1724 4315 sua
1748 4246 1967 4330 ohedientia,
2001 4260 2135 4316 etcum

99 4348 248 4426 propter
265 4335 348 4402 illas
370 4359 479 4404 novas
499 4337 655 4412 virtutes.
708 4342 816 4416 Vetus
835 4341 901 4415 hoc
917 4363 1091 4418 certamen
1146 4348 1432 4432 reconciliatione
1465 4341 1571 4416 simul
1601 4346 1824 4436 amplectitur
1853 4370 1917 4414 nos
1945 4347 2137 4437 ipee·,lilirts

99 4450 170 4520 est,
198 4451 233 4505 et
253 4455 393 4526 semper
414 4437 462 4504 in·
476 4434 643 4510 Ecclesia·
658 4445 805 4516 luerunt
822 4449 927 4520 multi
948 4446 1093 4522 Elnthu-
1145 4449 1218 4519 Bri·
1231 4465 1282 4519 ct
1294 4450 1412 4518 reddit
1428 4450 1532 4517 uobis
1545 4448 1674 4520 vitam.
1700 4462 1735 4518 et
1748 4450 1810 4518 dat
1828 4449 1933 4517 nobis
1947 4450 2136 4541 dc'sptttm

98 4537 250 4618 siastae,
285 4535 346 4628 qni
373 4537 470 4605 illam
494 4539 689 4628 gloriosam*
708 4549 914 4637 sapientiam
935 4565 1092 4622 ostenta·
1144 4577 1220 4623 stro.
1280 4547 1506 4641 Quamquam
1533 4563 1651 4631 aetem
1672 4551 1784 4620 rmati
1808 4563 1892 4620 scrut
1916 4551 2135 4621 domicilium

97 4651 200 4709 runt.
251 4635 355 4708 Unde
378 4651 412 4707 et
433 4644 1093 4742 vetusdescriptioiustitiaerecitatur
1143 4651 1227 4720 Dei:
1256 4665 1371 4720 tamen
1395 4652 1507 4720 multo
1532 4651 1803 4742 plurislacinpt
1819 4653 2056 4735 obedientiam
2070 4653 2135 4720 lilii

96 4739 194 4830 apud
210 4725 767 4860 Clllmffllssmstlfflndrt'mtma,
786 4745 1003 4847 tltxthtiutp
1016 4749 1092 4829 ἐστὶ
1143 4751 1228 4838 Dei,
1253 4773 1358 4844 quam
1374 4738 1437 4821 has
1453 4753 1591 4822 divinas
1606 4754 1757 4822 actiones
1775 4753 1812 4820 in
1829 4753 1924 4843 ipsis.
1944 4752 1948 4766 ’

94 4863 278 4913 aoracum
295 4839 388 4912 Θεοῦ
399 4837 696 4948 predicarem.
1016 4930 1021 4940 ¹
1066 4924 1071 4944 ,
1173 4930 1176 4939 ⁸
1246 4854 1341 4943 Utile
1362 4869 1432 4926 est·
1452 4856 1674 4950 cpnsidemre
1700 4867 1733 4924 et
1753 4855 2134 4946 ‚corticata-dissimiles

199 4937 303 5034 Hanc
326 4931 848 5044 epleptlidatpudgscriptioncm
863 4955 1090 5043 admiraban*
1143 4935 1470 5047 interpretationes,
1498 4972 1531 5056 et
1545 4957 1682 5036 videre,
1709 4979 1798 5049 quae
1812 4958 1859 5026 sit
1875 4957 2034 5046 proxima
2051 4958 2134 5025 lon-

96 5053 154 5112 lul'
173 5031 349 5142 himine?-
402 5043 704 5144 Qttit,‚e,11im=non'
715 5053 798 5146 velit
817 5055 928 5126 videri
943 5059 1090 5137 divinae
1144 5061 1257 5138 tibus,
1292 5072 1327 5129 et
1355 5073 1525 5148 congruat
1547 5083 1627 5126 curn
1652 5071 1822 5150 perpetuo
1847 5079 2020 5130 consensu
2044 5055 2134 5127 Pro·
2178 5119 2181 5130 .

93 5157 244 5259 ultime
267 5145 484 5242 particepsl.
512 5145 663 5248 illeinde
683 5155 772 5246 qpid
794 5157 932 5226 dulcius
955 5173 1089 5247 estpo-
1123 5147 1393 5252 phetamm‘et
1416 5159 1682 5250 Apostolorum.
1751 5155 1832 5228 Non
1858 5152 2024 5242 ob'scura,
2059 5183 2131 5230 non

93 5267 189 5312 mane
212 5245 460 5337 aequalitatis?
495 5253 590 5342 quod
616 5253 759 5344 quidem
782 5271 866 5324 tunc
888 5258 936 5328 ita
959 5263 1088 5351 ampli·
1142 5261 1323 5353 perplexa,
1372 5275 1422 5332 ett
1457 5261 1848 5348 doctrinanostramm
1882 5257 2133 5344 Ecclesiarum,

94 5343 211 5414 litasse
232 5346 403 5418 fanaticos
428 5345 590 5422 homines
612 5355 734 5428 scribit
750 5347 935 5444 Clemens,
961 5375 1001 5432 ut
1022 5367 1088 5430 do·
1140 5387 1229 5457 qrree
1245 5376 1279 5433 et
1295 5367 1342 5434 de
1354 5364 1568 5458 poenitentia
1584 5363 1689 5457 plane
1705 5364 1956 5449 concionatur,
1980 5375 2015 5434 et
2030 5387 2133 5435 mon-
