4726 5818
94 257 172 335 825

96 429 167 503 No.
180 429 296 504 6056.

98 527 300 562 Μ

915 443 971 506 17.
989 425 1073 518 Aug.

910 525 1081 558 Μ

417 615 467 702 tt
498 616 775 704 Mordeisea.

186 793 271 866 Epist.
289 791 336 850 lib.
348 793 383 847 V.
405 811 432 866 p.
446 791 499 848 156
513 813 554 866 sq.

98 939 263 1014 Uiriao
288 937 555 1028 Mordisin,
588 937 697 1034 Doct.
715 937 819 1014 Iuris
844 952 876 1013 et
895 933 1090 1014 Consilia·

374 1043 431 1115 rio
444 1040 565 1114 Dacis
581 1041 680 1120 Saa.
693 1042 813 1122 Elect.

98 1184 149 1272 S.
176 1195 220 1272 D.
268 1193 472 1268 Clarissime
506 1195 580 1281 vir,
623 1210 660 1268 et
688 1195 843 1270 Patrone
877 1189 1091 1267 charissime.

98 1297 179 1371 Etsi
204 1323 343 1368 necesse
369 1311 440 1382 est,
479 1299 581 1368 vobis
610 1299 785 1370 notiorem
816 1323 889 1370 esse
910 1295 1090 1390 Rempub.

100 1425 209 1494 quam
232 1402 336 1471 uobis
358 1423 431 1468 esse
453 1413 583 1490 potest:
611 1415 729 1470 tamen
750 1415 832 1472 ante
854 1393 1014 1470 triduum
1032 1423 1091 1469 su-

99 1505 179 1572 bito
201 1502 283 1569 misi
306 1503 394 1572 istuc
417 1501 600 1592 epistolam
620 1505 664 1572 de
685 1527 819 1596 pugna,
852 1503 941 1572 facta
964 1503 1009 1571 ad
1026 1495 1092 1571 Se-

99 1598 191 1700 ged,
221 1628 293 1672 nou
311 1603 435 1696 procul
458 1600 668 1676 abAustria.
721 1603 906 1676 Trucidati
929 1619 1029 1690 suut,
1052 1617 1093 1674 ut

101 1706 293 1790 scribitur,
320 1705 432 1774 Tucci
454 1705 550 1774 mille
573 1707 777 1796 octingenti.
829 1704 920 1776 Nam
938 1707 989 1776 ihi
1012 1729 1092 1776 cum

103 1809 234 1878 Turris
248 1820 442 1898 pugnatum
458 1820 521 1892 est,
546 1832 619 1878 non
634 1833 713 1876 cum
729 1807 921 1898 Hungaris.
975 1807 1092 1877 Hodie

103 1911 213 1979 etiam
242 1910 360 1978 literas
386 1909 584 1998 accepimus
615 1911 792 2002 de'capta
823 1906 915 1978 alba
941 1901 1093 2004 Regali.

105 2007 346 2082 Archiducem
373 2003 657 2102 Ferdinandarn
688 2011 757 2079 iam
789 2035 830 2080 ex
851 2007 1022 2080 Bohemia
1055 2011 1092 2078 in

105 2114 289 2184 Austriam
314 2112 507 2204 proiectum
531 2135 620 2198 esse,
646 2125 680 2182 et
694 2113 882 2183 ducturum
903 2115 1092 2182 exercitum

105 2211 338 2286 Bobemicum
356 2213 394 2280 in
403 2211 625 2284 Pannoniam
640 2215 839 2284 adfirmant.
872 2209 949 2284 Oro
960 2213 1093 2284 Filium

106 2317 194 2402 Dei,
219 2329 258 2385 ut
281 2315 450 2406 reprimat
467 2313 620 2400 Tuscos,
646 2329 679 2384 et
698 2317 870 2404 gubernet
884 2341 924 2384 ac
938 2328 1095 2406 protegat

106 2439 186 2491 nos.
219 2416 313 2510 Papa
331 2417 491 2501 simulat,
516 2441 552 2484 se
567 2417 757 2488 concilium
774 2417 992 2488 indictorum
1010 2440 1094 2498 esse,

105 2519 244 2592 Romae
260 2519 520 2590 celebrandum.

214 2619 285 2688 lam
302 2616 359 2689 bic
374 2635 456 2690 sunt
470 2623 541 2688 duo
556 2617 743 2689 Senatores
754 2617 962 2715 Iglae'rrses,
988 2618 1096 2704 missi,

106 2737 149 2792 ut
174 2719 351 2793 Pastorem
375 2743 457 2792 suae
481 2717 657 2790 Ecclesiae
679 2723 830 2792 iudicari
857 2736 987 2814 petant.
1048 2715 1097 2790 Et

109 2823 298 2896 ltoucstum
326 2839 359 2892 et
383 2825 525 2892 doctum
552 2823 668 2891 virum
700 2823 945 2895 indicavimus.
1003 2821 1096 2892 Petit

47 2969 52 2972 -
107 2927 215 3012 etiam
231 2951 250 2994 a
267 2925 368 2994 nobis
384 2949 424 2992 ex
440 2923 587 2992 Polouia
602 2922 725 2994 Comes
740 2929 784 2994 ab
798 2917 993 3016 Ostrorog,
1022 2923 1097 2992 lor-

108 3054 204 3098 mam
222 3028 290 3098 sibi
305 3027 398 3096 mitti
413 3023 588 3095 Ecclesiae
603 3043 752 3110 nostrae,
779 3025 1095 3096 etConfessionem.

109 3130 273 3200 Profecto
288 3129 392 3196 ctiam
415 3141 557 3218 propter
572 3141 704 3197 exteras
724 3130 884 3198 nationes
903 3151 992 3218 opus
1009 3139 1098 3196 esset

110 3235 148 3300 iu
169 3229 360 3301 Germania
383 3230 421 3298 in
436 3229 566 3298 nostris
580 3227 747 3298 Ecclesiis
764 3231 930 3300 constitui
949 3253 1098 3298 consen-

109 3357 208 3416 sum,
234 3335 277 3401 de
295 3355 362 3425 qua
385 3355 421 3400 re
443 3354 581 3400 necesse
600 3329 667 3401 erit
690 3331 881 3425 aliquando
902 3332 992 3400 serio
1009 3327 1098 3399 deli-

107 3434 240 3508 berari.
308 3429 526 3502 Commendo
562 3433 663 3500 vobis
697 3433 812 3503 virum
848 3433 1100 3514 clarissimum,

106 3535 300 3605 Ductorem
317 3527 524 3602 Iohannem
541 3531 590 3602 ab
606 3529 786 3618 Embden,
806 3533 919 3602 hlium
935 3531 1099 3602 Doctoris

110 3631 264 3720 Lavini,
291 3649 326 3706 et
346 3659 427 3718 oro,
453 3650 492 3706 nt
516 3639 560 3702 de
580 3635 755 3726 stipendio
781 3635 952 3722 cogitetis.
1002 3631 1100 3702 Bene

110 3754 146 3809 et
161 3737 308 3808 feliciter
321 3735 445 3810 valete.
496 3735 564 3806 Die
581 3735 640 3808 17.
658 3735 808 3828 Augusti
827 3731 934 3810 1556.

624 3834 811 3932 Philippus
826 3833 1058 3912 Melanthea.

109 4174 179 4246 No,
193 4170 306 4250 6054.

110 4269 284 4300 Μ

933 4175 1102 4294 aaa

336 4361 463 4447 Hier.
491 4357 879 4471 Baamgartnero.
981 4433 987 4440 .

182 4517 268 4594 Epist.
287 4519 333 4643 'lb'
347 4520 559 4646 vaspmsq.
600 4521 650 4578 Hic
671 4541 702 4578 er
721 4524 887 4594 autographo
909 4522 937 4577 in
956 4523 1016 4579 eod.
1036 4521 1104 4577 Mo·

216 4609 277 4647 nas.
307 4610 361 4664 .p.
426 4631 434 4648 .

111 4745 300 4824 Hieron.
325 4743 686 4842 Bomgartnera,
713 4743 1103 4823 Senatoriinel.arbis

546 4843 681 4924 Norib.

112 4986 164 5072 S.
185 4997 230 5071 D.
268 4995 366 5070 Salvi
382 4999 430 5068 ad
443 5020 509 5068 nos
527 4998 709 5070 redierunt
727 4993 762 5067 oi
776 4989 1103 5093 γραμματοφόροι,

17 5145 18 5154 κ
111 5119 150 5170 et
168 5093 339 5168 Andreas
354 5111 388 5168 et
408 5113 529 5170 noster
552 5100 659 5181 civis,
687 5123 759 5167 nou
782 5100 885 5186 longo
902 5097 1103 5172 intervallo.

17 5221 20 5256 t
111 5201 238 5274 Civem
269 5215 431 5272 nostrum
455 5194 637 5298 rrusrss*)
669 5203 805 5278 mittam
838 5202 885 5268 ad
907 5194 1103 5296 locabam.

108 5339 334 5364 manv-*mua-

19 5471 22 5518 ᾗ
146 5419 173 5490 'l
191 5415 292 5493 spant.
307 5415 406 5480 edidits
424 5431 549 5471 rursum.

657 213 1094 336 nrisronaauu
1150 250 1364 332 nmxu.
1417 251 1549 334 csso.

2031 263 2131 356 ,sas

1140 421 1221 493 Nori
1239 423 1333 491 enim
1349 420 1492 492 incertis
1512 423 1706 493 tabellariis
1722 435 1852 496 vestras
1873 423 1995 496 literas
2010 427 2123 497 trado.

1140 523 1258 594 Hodie
1274 519 1357 594 binc
1367 517 1404 616 ⁸)
1420 523 1593 594 mittimus
1608 521 1853 617 Iglae'nsibus
1866 527 1904 596 in
1923 525 2122 597 Moraviam

1140 625 1338 714 Pastorem,
1370 627 1513 694 doctum
1536 639 1571 696 et
1591 603 1777 697 lrorrestum
1796 629 1932 714 virum,
1958 651 2064 724 quem
2086 642 2126 698 ut

1140 727 1253 798 Filius
1271 725 1338 796 Dei
1352 729 1525 816 gubernet
1536 751 1611 798 oro.
1661 727 1813 800 Senatus
1830 729 1926 800 enim
1942 730 2039 800 misit
2058 724 2127 800 huc

1141 832 1230 900 duos
1245 823 1410 898 honestos
1425 829 1519 898 viros
1535 830 1597 921 qui
1614 826 1794 898 Pastorem
1809 832 2036 904 adducerent.

1244 946 1285 1016 ln
1299 941 1460 1016 Palania
1476 948 1539 1018 etsi
1553 959 1637 1016 suut
1655 949 1717 1040 qui
1733 963 1824 1019 recte
1839 951 1985 1035 docent,
2009 963 2127 1020 tamen

1142 1050 1285 1144 quidam
1318 1048 1457 1118 Nebulo
1491 1048 1622 1140 spargit
1654 1050 1849 1144 Serveticas
1877 1043 2129 1146 βλασφημίας.

1142 1151 1212 1224 Sed
1241 1173 1343 1241 spero
1374 1151 1618 1220 adversaturos
1648 1173 1721 1220 esse
1744 1151 1821 1241 pios
1844 1148 2031 1235 Doctores,
2065 1151 2127 1242 qui

1142 1249 1208 1324 bac
1230 1255 1274 1322 de
1296 1275 1333 1322 re
1348 1253 1393 1321 ad
1411 1275 1466 1320 me
1488 1253 1712 1344 scripserunt.
1765 1249 1913 1342 Experti
1934 1252 2016 1324 estis
2036 1251 2128 1322 illud

1141 1359 1246 1448 πῆμα
1260 1348 1373 1433 κακὸς
1386 1349 1531 1451 γείτων.
1583 1352 1634 1424 lta
1650 1353 1701 1422 ibi
1721 1367 1850 1426 nocent
1864 1354 2002 1426 vicinae
2016 1353 2129 1424 furiae

1144 1454 1413 1529 Mahometicae.

1244 1571 1347 1642 Hanc
1369 1573 1552 1664 epistolam
1571 1571 1652 1641 dedi
1668 1569 1761 1642 Filio
1774 1565 1934 1642 Sebaldi
1945 1568 2129 1666 Bama-

1143 1683 1196 1745 ter
1210 1675 1470 1745 concionatoris
1494 1675 1533 1742 in
1556 1687 1669 1744 vestra
1691 1675 1789 1746 urbe.
1839 1672 1972 1761 Habet,
1996 1689 2035 1746 ut
2053 1675 2128 1766 ipse

1144 1790 1254 1869 putat,
1280 1791 1428 1846 matrem
1443 1777 1536 1865 apud
1556 1799 1618 1846 vos
1634 1770 1750 1844 adhuc
1770 1775 1955 1850 viventem.
1988 1771 2128 1846 Etcum

1143 1878 1399 1950 Franciscanus
1420 1878 1532 1948 lactus
1553 1877 1599 1947 sit
1619 1877 1658 1946 in
1677 1871 1806 1969 Egra,
1831 1899 1927 1948 nunc
1941 1877 2069 1948 missus
2090 1877 2128 1944 in

1143 1979 1434 2066 Brandeburgam
1451 1974 1676 2049 hortantibus
1692 1977 1917 2064 Pastoribus,
1942 2002 1983 2048 ex
2005 2001 2129 2070 super-

1144 2083 1285 2153 stitione
1319 2078 1554 2150 Franciscana
1591 2079 1759 2150 discessit.
1822 2079 1994 2150 Libenter
2025 2081 2130 2150 vellet

1145 2185 1341 2254 doctrinam
1358 2180 1441 2250 Filii
1457 2179 1524 2250 Dei
1545 2181 1671 2251 melius
1686 2181 1836 2266 discere,
1860 2195 1895 2252 et
1914 2196 2035 2273 postea
2057 2205 2130 2250 scr-

1145 2287 1219 2354 vire
1241 2281 1430 2356 Ecclesiae.
1492 2280 1612 2370 Quare
1640 2307 1702 2351 oro
1727 2297 1766 2352 ut
1795 2283 1924 2371 cogites
1947 2286 2129 2375 quomodo

1145 2385 1259 2456 iuvari
1284 2385 1403 2474 possit.
1454 2380 1503 2454 Et
1527 2395 1567 2451 ut
1585 2383 1713 2452 misero
1735 2377 1896 2474 orphano
1915 2383 2033 2453 Patria
2050 2386 2130 2474 opi-

1146 2488 1296 2571 tuletur,
1331 2509 1409 2555 oro.
1467 2476 1636 2552 Andreae
1665 2485 1758 2555 dabo
1787 2485 1908 2554 literas
1939 2485 2131 2557 uberiores.

1146 2587 1254 2659 Mitto
1270 2588 1338 2657 tibi
1352 2583 1500 2656 Eusebii
1517 2585 1650 2654 dictum
1667 2587 1710 2654 de
1727 2587 1974 2656 intercessione
1988 2581 2134 2669 Christi,

1146 2691 1241 2784 quod
1265 2689 1336 2758 scio
1359 2700 1393 2756 te
1415 2688 1567 2757 libenter
1594 2687 1769 2758 lecturum
1794 2711 1880 2762 esse.
1930 2685 2028 2756 Bene
2046 2689 2134 2755 vale.

1145 2792 1207 2867 20.
1223 2789 1374 2880 Augusti
1392 2786 1503 2862 1556.
1746 2878 1747 2882 ¹

1842 2884 2043 2982 Philippus.

1163 3109 1355 3120 ...ω-...ον’...ιυ
1953 3097 2048 3120 ιιι-’Μ
2063 3105 2118 3118 tn·-

1161 3249 1228 3325 No.
1244 3247 1356 3326 6055.

1153 3347 1367 3386 Q

1346 3511 1357 3533 .
1412 3453 1564 3543 Iooclr.
1593 3453 1873 3542 Camerario.

1219 3627 1303 3698 Epist.
1317 3629 1351 3684 ad
1365 3629 1504 3685 Cametas.
1524 3651 1550 3702 p.
1562 3629 1625 3688 707.
1646 3629 1700 3700 (ed.
1717 3629 1804 3686 Lond.
1823 3627 1873 3685 lib.
1886 3627 1933 3683 lV.
1951 3649 1994 3702 ep.
2009 3629 2092 3696 ⁸⁴¹8»)-

1966 3263 2025 3324 23.
2041 3255 2125 3334 Aug.

1959 3341 2131 3374 w„

1148 3773 1377 3856 Clarissimo
1399 3785 1477 3856 viro
1501 3781 1703 3858 eruditione
1727 3795 1758 3855 et
1780 3785 1909 3876 virtute
1931 3788 2144 3881 praestanti

1150 3883 1450 3960 Ioaabimo
1485 3882 2051 3988 Camerariosratri‘sao
2078 3912 2140 3958 ca-

1567 4013 1727 4078 rrssrmo,

1153 4123 1200 4214 S.
1226 4139 1273 4211 D.
1323 4136 1405 4209 Scio
1433 4139 1583 4230 superbe
1610 4134 1673 4210 καὶ
1702 4131 1927 4234 ὑβριστικῶς
1955 4149 2142 4208 tractatum

1153 4264 1226 4311 esse
1242 4241 1349 4310 istum
1367 4254 1518 4310 veterem
1543 4240 1695 4310 amicum
1720 4255 1878 4310 nostrum
1895 4231 1972 4334 ”)‚
1998 4241 2059 4332 qui
2075 4263 2142 4307 au-

1153 4365 1219 4412 nos
1235 4341 1379 4431 triginta
1394 4340 1587 4432 plurimum
1600 4341 1769 4410 sustinuit
1784 4340 1946 4409 laborum
1962 4339 2000 4408 in
2014 4340 2143 4428 guber·

1153 4443 1297 4513 natione
1313 4441 1552 4512 Ecclesiamm
1565 4441 1677 4518 totius
1692 4441 1862 4523 viciniae,
1888 4443 1948 4514 sed
1967 4443 2047 4512 talis
2062 4465 2143 4532 gra-

1154 4547 1202 4614 tia
1224 4545 1328 4613 nobis
1350 4544 1524 4616 redditur.
1575 4541 1647 4614 Nec
1669 4565 1752 4612 vero
1770 4556 1872 4612 antea
1896 4542 2019 4633 effugit
2042 4557 2145 4612 anta-

1154 4645 1372 4736 gonistarum
1387 4639 1596 4738 sophistica,
1622 4643 1834 4727 Adrastian,
1858 4666 1923 4714 nec
1937 4667 2034 4714 nunc
2053 4645 2145 4714 effu·

1154 4746 1241 4838 giet,
1266 4769 1345 4816 cum
1368 4745 1449 4837 plus
1465 4745 1611 4817 assumit
1633 4743 1895 4838 impudentiae,
1920 4739 2147 4838 κακοηθείας

1155 4861 1188 4917 et
1201 4847 1377 4918 fraudum.
1418 4835 1492 4917 Nos
1508 4871 1690 4937 precemur
1708 4845 1820 4914 lilium
1837 4844 1917 4928 Dei,
1939 4860 1979 4917 ut
1994 4847 2145 4914 vulnera

1154 4961 1274 5020 nostra
1300 4961 1413 5034 sanet,
1444 4961 1479 5020 et
1500 4963 1616 5018 servet
1635 4945 1812 5017 Ecclesiae
1841 4947 2021 5042 reliquias.
2073 4943 2147 5017 seu

1153 5045 1240 5122 haec
1256 5071 1388 5126 coram.
1436 5047 1620 5140 Respondi
1637 5049 1860 5134 Academiae,
1890 5062 2081 5143 taqueum,
2107 5063 2148 5119 ut

1187 5323 1216 5393 *)
1234 5319 1344 5376 Editam
1360 5329 1416 5376 est:
1434 5321 1523 5388 barre,
1543 5317 1684 5375 mendoso.

1101 5441 1108 5464 v
1186 5405 1236 5464 *l
1253 5405 1377 5462 Meuium
1406 5407 1438 5464 C.
1453 5406 1497 5458 W
1615 5421 1632 5442 κ
