4682 5822
59 235 143 312 429
659 229 1094 310 EetsToLauust
1154 231 1262 311 ΗΒ.
1287 231 1369 310 xlt
1400 231 1530 313 1656.
2027 231 2105 308 tto

60 407 200 478 mundi
214 417 351 478 senecta
367 417 402 478 et
423 405 648 478 confusiones
660 403 800 495 generis
815 397 965 474 bomani
982 425 1056 470 ma-
1110 408 1172 474 tur
1183 402 1227 480 ei.
1276 401 1373 476 llaec
1387 404 1537 476 fulmina
1553 401 1647 476 nihil
1670 419 1814 480 movent
1834 401 1952 478 hostes
1973 400 2097 476 Evan-

60 511 163 580 iores
179 510 274 594 fore,
301 531 407 602 quarn
422 521 543 592 antea,
564 520 732 578 ettamen
752 505 865 576 lilium
882 501 949 574 Dei
966 504 1059 573 inter
1109 506 1206 597 gelii,
1232 531 1385 602 quonam
1403 507 1505 578 multi
1520 508 1668 580 scientes
1682 523 1888 601 oppugnant
1902 507 2097 580 veritatem.

60 607 308 704 lmperiorum
322 610 463 693 ruinas,
490 613 602 680 donec
619 621 779 678 mortuos
802 607 841 676 in
867 607 975 675 vitam
1001 629 1059 674 re-
1110 605 1247 678 lnterea
1280 606 1517 680 blandiuntur
1547 611 1615 680 sibi
1649 625 1685 682 et
1716 624 1914 704 praetextus
1944 610 2095 700 lingunt·

58 715 233 797 vocabit,
278 712 509 782 collecturum
545 735 618 782 esse
650 723 829 780 aeternam
861 704 1055 778 Ecclesiam
1109 705 1273 803 Astuti⁷)
1302 710 1526 782 dissimulant
1548 736 1585 782 sc
1605 707 1674 782 hoc
1704 735 1823 803 agere,
1853 725 1895 783 ut
1915 709 2095 783 stabiliant

54 839 153 886 voce
167 809 353 904 Evangelii
377 826 412 883 et
433 837 507 884 nou
528 814 639 888 aliter.
691 808 788 880 Haec
808 809 890 879 ideo
916 807 1057 900 praedi·
1110 808 1228 898 ldola,
1254 811 1378 884 dicunt
1400 835 1436 882 se
1459 813 1622 884 ordinem
1648 805 1693 884 in¹
1702 811 1858 884 Ecclesia
1882 813 1993 898 tueri,
2018 833 2095 882 non

55 929 119 988 cta
142 929 247 996 sunt,
281 927 321 986 ut
343 929 378 986 ct
399 937 646 1007 praeparemus
669 913 808 982 animos
827 913 872 980 ad
895 912 1057 980 ferendas
1108 912 1792 1005 posseadministrareCoenamDomini
1806 916 1912 1002 tales,
1939 914 2094 1008 quinon

54 1039 274 1090 communes
288 1039 493 1101 aerumnas,
513 1029 547 1086 et
561 1039 635 1086 non
652 1014 860 1084 abiiciamus
875 1011 1057 1082 doctrinae
1108 1008 1222 1108 sint⁸)
1237 1014 1369 1087 initiati
1386 1017 1431 1086 ab
1449 1011 1524 1102 his,
1551 1017 1614 1111 qui
1636 1017 1781 1089 titulum
1800 1011 1933 1087 habent
1945 1012 2096 1108 Episco-

53 1118 376 1214 propagationem,
411 1143 490 1188 cum
521 1112 579 1188 hic
607 1117 709 1186 labor
736 1139 810 1186 non
843 1113 891 1184 sit
922 1113 1056 1184 irritus.
1109 1140 1247 1209 porum.
1299 1113 1406 1204 ltem,
1432 1119 1495 1211 qui
1510 1131 1594 1190 sunt
1608 1118 1737 1194 mariti.
1789 1115 1868 1190 Etsi
1882 1113 1919 1188 hi
1934 1128 2096 1209 praetex-

56 1219 315 1292 lntelleximus
329 1233 445 1290 autem
462 1241 589 1310 magno
612 1243 692 1288 curn
712 1217 856 1297 dolore,
881 1216 964 1285 odio
988 1237 1058 1306 pu·
1108 1233 1165 1292 tus
1181 1242 1245 1310 per
1259 1239 1334 1288 sese
1350 1233 1432 1290 sunt
1446 1219 1588 1302 iniusti,
1612 1232 1733 1291 tamen
1754 1213 1823 1292 hoc
1844 1219 2011 1292 iniustius
2033 1228 2098 1303 est,

53 1347 123 1394 rae
147 1322 332 1392 doctrinae
352 1335 511 1416 pastores
534 1319 613 1390 istic
633 1343 674 1390 ex
696 1316 864 1390 Eeclesiis
890 1317 990 1404 eiici‚
1022 1327 1057 1384 et
1108 1323 1203 1414 quod
1227 1313 1293 1390 hac
1315 1320 1482 1394 ementita
1502 1322 1616 1414 specie
1643 1335 1789 1395 struunt
1816 1322 1931 1392 maius
1950 1319 2098 1402 malum,

54 1424 188 1514 vagari
214 1423 285 1494 iam
307 1423 344 1492 in
368 1422 482 1494 exiliis
497 1422 592 1492 viros
606 1417 775 1494 honestos
788 1435 823 1492 ct
839 1420 1056 1502 innoeentes,
1108 1422 1240 1493 scilicet
1251 1422 1516 1514 oppressionem
1535 1446 1637 1494 verae
1654 1425 1839 1494 doctrinae
1858 1436 1894 1496 et
1910 1445 2015 1493 verae
2036 1420 2096 1490 in-

54 1540 93 1598 et
111 1526 195 1617 pias
208 1525 374 1615 coniuges
389 1547 511 1594 eorum
529 1537 563 1594 et
580 1547 706 1614 parvos
720 1545 840 1612 greges
853 1543 1056 1612 puerorum.
1108 1523 1313 1596 vocationis.
1349 1521 1404 1594 De
1421 1519 1478 1594 his
1492 1525 1633 1595 insidiis
1644 1525 1799 1618 populus
1811 1523 2012 1596 monendus
2026 1533 2096 1608 est3

53 1624 142 1698 Hac
159 1627 199 1696 iu
215 1651 253 1696 re
267 1640 300 1696 et
317 1639 451 1698 vestrae
466 1621 715 1718 calamitatis¹)
737 1645 841 1694 causa
861 1635 895 1692 et
912 1636 1056 1716 propter
1107 1623 1176 1696 Sed
1192 1625 1337 1718 deipsis
1355 1627 1593 1716 praetextibus
1608 1627 1779 1699 dieamus.
1830 1625 2022 1698 Manifesta
2037 1635 2096 1718 ty·

55 1730 255 1802 orbitatem
279 1724 520 1798 Ecclesiamm
541 1739 737 1798 vestrarum
757 1725 861 1794 valde
883 1725 1055 1808 dolemus,
1106 1727 1229 1799 sannis
1247 1741 1315 1810 est,
1330 1729 1426 1820 qnod
1441 1729 1571 1800 nolunt
1582 1719 1727 1800 maritos
1743 1728 1995 1798 administrare
2003 1721 2097 1796 Coe·

54 1845 91 1904 et
112 1831 235 1902 filiurn
250 1827 336 1910 Dei,
362 1830 423 1924 qui
447 1829 555 1910 dixit,
582 1849 658 1898 non
681 1823 889 1925 relinquam
913 1847 975 1895 vus
994 1847 1055 1892 or·
1107 1853 1191 1899 narn
1211 1827 1378 1910 Domini,
1411 1853 1492 1900 cum
1514 1830 1746 1900 certissimum
1778 1831 1842 1916 sit,
1873 1831 1913 1898 in
1937 1823 2096 1900 Ecclesia

51 1926 233 2030 phonos,
258 1953 458 2022 precamur,
482 1943 523 2002 ut
536 1924 623 2000 haec
637 1930 727 2000 mala
752 1929 880 2014 leniat,
905 1941 941 1999 ct
952 1926 1055 1996 vobis
1105 1931 1216 2001 veteri
1242 1929 1388 2000 maritos
1410 1955 1451 2000 eo
1473 1927 1717 2028 ministerio⁰)
1741 1933 1882 2002 functos
1903 1952 1988 2000 esse.
2048 1923 2097 1998 Et

53 2036 352 2127 omnibusop'em
370 2031 477 2104 ferat!
529 2029 621 2102 Cum
646 2044 763 2102 autern
786 2030 902 2100 fontes
927 2051 1055 2098 conso-
1106 2034 1194 2102 adeo
1220 2032 1403 2123 perspicue
1430 2057 1449 2101 a
1474 2033 1598 2103 inultis
1612 2029 1660 2130 ¹⁰)
1682 2033 1866 2104 defensum
1897 2047 1948 2102 est
1970 2030 2099 2102 coniu-

53 2138 242 2211 lationum
263 2135 364 2206 vobis
384 2148 488 2205 notos
509 2155 582 2202 esse
596 2131 766 2213 sciamus,
791 2131 935 2201 brevius
957 2151 1054 2200 nnnc
1105 2135 1202 2224 glum
1221 2133 1472 2218 Sacerdoturn,
1498 2148 1539 2206 ut
1554 2129 1613 2206 hic
1627 2159 1701 2204 non
1717 2134 1763 2205 sit
1787 2157 1877 2226 opus
1901 2135 2007 2224 longa
2020 2131 2098 2201 dis-

50 2242 98 2310 ad
126 2261 197 2307 vos
218 2237 421 2321 scribimus,
449 2257 489 2304 ac
518 2247 656 2306 tantum
686 2257 749 2302 vos
779 2227 981 2317 hortamur,
1015 2241 1055 2300 nt
1105 2233 1300 2328 putatione.
1353 2229 1401 2306 Et
1422 2259 1502 2306 cum
1519 2233 1654 2308 Paulus
1675 2235 1788 2321 dieat,
1813 2229 2095 2328 prohibitionem

51 2343 178 2410 donec
203 2338 338 2432 alloqui
353 2335 529 2408 Ecclesias
550 2348 684 2406 vestras
700 2334 864 2427 potestis,
890 2355 948 2404 cas
967 2355 1055 2404 con·
1105 2337 1260 2425 coniugii
1279 2336 1364 2406 oriri
1387 2333 1605 2424 aDiabolis‚
1629 2361 1693 2408 vos
1714 2337 1850 2408 alienos
1878 2359 1952 2406 esse
1972 2331 2097 2406 aDia-

51 2439 232 2525 lirmetis,
263 2463 309 2509 ue
331 2451 475 2532 propter
492 2451 644 2507 vestram
664 2436 897 2509 calamitatem
922 2438 968 2506 de
987 2436 1053 2504 do-
1105 2439 1231 2508 bolicis
1243 2437 1401 2508 consiliis
1415 2437 1618 2526 laetamini,
1637 2451 1672 2512 et
1688 2463 1761 2510 non
1776 2438 1963 2522 dubitare,
1976 2433 2095 2506 Deum

51 2537 227 2636 ctriua²)
240 2541 414 2614 dubitent.
465 2533 566 2610 Nihil
582 2538 756 2610 efficacius
777 2536 881 2628 erigit
902 2536 1054 2620 animos,
1100 2542 1324 2610 defensorem
1337 2540 1413 2610 fore
1427 2539 1586 2630 coniugii
1601 2541 1709 2612 vestri
1720 2551 1843 2612 contra
1860 2536 2044 2610 Diabolus.

50 2671 169 2742 quam
190 2643 300 2734 ipsius
316 2641 498 2712 docuinac
513 2641 723 2715 intellectus.
774 2638 854 2710 Fiat
877 2638 987 2729 igitur
1007 2637 1053 2706 il-

50 2747 187 2819 lustris
215 2738 413 2816 Antithesis
445 2743 631 2836 utriusque
663 2740 801 2831 generis
833 2742 1051 2830 dogmatum.

50 2847 180 2942 Papae
203 2847 310 2917 factio
332 2845 491 2918 defendit
512 2845 624 2915 multa
639 2843 825 2914 manifesta
841 2839 955 2912 idola:
989 2839 1053 2912 ln-

1206 2689 1369 2766 Alterum
1393 2707 1612 2785 praetextum
1630 2695 1674 2763 de
1689 2685 1926 2764 ordinatione
1943 2693 2093 2784 petenda

1104 2799 1148 2868 ab
1159 2793 1365 2889 Episcopis,
1391 2797 1576 2866 manifeste
1593 2793 1883 2880 refutatPaulus,
1909 2793 2094 2886 inquiens:

1104 2895 1151 2970 Si
1172 2896 1257 2997 quis
1278 2891 1391 2968 aliud
1404 2893 1654 2990 Evangelium
1672 2889 1787 2983 doces,
1813 2885 2017 2966 anathemo
2031 2891 2094 2972 sit.

49 2950 267 3022 vocationes
283 2960 517 3032 mortuorum,
533 2957 566 3016 et
581 2945 712 3016 multas
725 2956 946 3038 portentosas
954 2937 983 3036 ³)
992 2967 1053 3012 su-

48 3050 307 3146 perstitiones,
358 3073 448 3142 quae
489 3041 651 3136 indies⁴)
693 3046 871 3120 oriuntur.
940 3041 1052 3135 impie
1155 3103 1163 3120 ,

48 3153 231 3227 transfert
253 3149 409 3222 Coenam
431 3147 581 3219 Domini
601 3150 849 3242 adquaestum
877 3159 911 3216 et
932 3141 1052 3215 horri-

48 3257 124 3328 bili
149 3253 351 3348 spectaculo
375 3252 413 3320 in
433 3250 760 3342 circumgestatione
775 3273 901 3340 panem
916 3247 1051 3332 adorat,

48 3382 140 3430 cnm
157 3369 258 3427 extra
271 3353 472 3426 institutum
487 3375 593 3424 usum
614 3347 707 3420 nihil
727 3346 857 3421 babeat
875 3349 1051 3420 rationem

47 3455 293 3534 Saea-amenti.
335 3453 452 3527 Tollit
466 3475 586 3524 vocem
603 3449 789 3542 Evangelii
805 3453 945 3522 devera
963 3475 1050 3542 poe·

47 3560 230 3646 nitentia,
254 3556 356 3648 lingit
376 3555 499 3630 stultas
517 3553 792 3638 satisfactiones,
818 3566 853 3623 et
874 3551 1050 3623 excruciat

46 3666 133 3760 pias
167 3673 304 3732 mentes
337 3657 540 3730 carnificina
580 3654 857 3727 enumerationis
889 3667 1050 3747 peceato-

43 3759 209 3858 ἵππι’),
232 3761 326 3834 delet
337 3759 637 3844 consolationem,
662 3781 753 3852 quae
774 3755 988 3849 proponitur
1010 3755 1048 3824 in

44 3867 242 3960 agnitione
259 3863 325 3932 lilii
337 3860 405 3932 Dei
416 3860 568 3932 Domini
583 3859 699 3930 nostri
717 3856 799 3929 Iesu
813 3853 968 3943 Christi;
986 3858 1049 3927 de-

45 3973 167 4066 nique
180 3965 315 4036 multos
330 3963 592 4036 commentitios
606 3962 720 4032 cultos
734 3972 946 4054 propugnat.

157 4115 217 4190 De
238 4114 346 4186 tantis
365 4113 471 4184 rebus
495 4135 575 4183 cum
592 4109 765 4182 dissensio
785 4107 850 4194 sit,
875 4131 948 4178 non
974 4110 1048 4178 exi-

44 4225 176 4298 stimet
191 4217 346 4312 populus
363 4239 428 4286 nos
443 4213 633 4284 certamina
652 4236 728 4281 non
750 4209 943 4281 necessaria
970 4235 1028 4280 mo

44 4349 150 4398 vere.
204 4319 316 4410 Saepe
329 4318 438 4408 igitur
455 4327 634 4407 repetatur
656 4335 795 4383 summa
810 4305 937 4382 verae⁸
981 4311 1047 4382 do-

43 4427 212 4509 etrinae,
229 4433 264 4491 et
279 4429 525 4512 proponantur
540 4415 761 4486 severissima
776 4413 886 4486 dicta:
949 4412 1047 4508 agile

43 4525 177 4602 idola.
229 4519 339 4604 ltem,
365 4515 508 4618 Siquis
528 4511 643 4585 aliud
656 4512 911 4610 Evangelium
934 4510 1046 4598 docet,

41 4620 268 4702 Arintheum
285 4618 346 4696 s'it.
397 4617 506 4705 Item,
534 4613 583 4688 Si
600 4615 684 4715 quis
708 4611 847 4688 dicerit
868 4610 1046 4712 blaspbe-

40 4733 168 4806 miam
185 4720 363 4796 adversus
378 4716 561 4820 Spiritum
576 4726 763 4804 sunctum,
788 4739 863 4786 non
887 4715 1044 4790 remitte-

37 4895 280 4922 -ffl

74 4991 108 5056 1)
128 4985 218 5040 Peos.
232 4988 327 5034 vestm
332 5015 343 5048 ,
362 4985 391 5034 et
402 4994 460 5034 non
472 4975 554 5034 babet
565 4975 756 5034 numiam.

72 5075 108 5144 2)
130 5069 219 5124 pem·
233 5063 305 5134 fides

73 5157 106 5226 Ι)
130 5153 218 5208 eene,
236 5151 424 5200 armamus.

72 5245 105 5308 4)
130 5238 220 5292 Perre.
234 5241 261 5286 et
275 5229 339 5285 cod.
351 5227 437 5284 Goth.
455 5227 516 5286 190.
533 5229 609 5287 inde.

75 5325 108 5394 5>
127 5318 328 5390 peecatorum]
346 5331 403 5368 nou
421 5313 500 5368 babet
512 5313 598 5374 Peuc.

73 5413 106 5484 s)
126 5409 231 5469 verae]
249 5417 306 5455 non
317 5397 398 5454 habet
407 5395 493 5458 Peuc.

1104 3000 1186 3072 No'n
1211 3001 1320 3090 igitur
1344 3000 1416 3092 peti
1440 2999 1678 3070 ordinationis
1705 2999 1795 3068 ritus
1826 2999 1873 3070 ab
1898 2998 1941 3066 iis
1969 3011 2095 3088 potest,

1103 3127 1166 3196 qur
1189 3126 1392 3196 quanquam
1422 3097 1680 3192 Episcoporum
1703 3100 1808 3168 titnlo
1831 3113 1865 3170 et
1890 3097 2095 3169 ordinariae

1103 3203 1351 3286 successionis,
1375 3216 1416 3272 ut
1431 3203 1619 3272 nominant
1628 3197 1693 3297 ¹¹),
1720 3201 1960 3292 praerogativa
1976 3199 2095 3269 dorni·

1103 3319 1255 3390 uantur,
1288 3320 1406 3377 tamen
1430 3306 1545 3396 palam
1569 3317 1652 3374 saint
1682 3299 1798 3372 hostes
1821 3299 2027 3394 Evangelii,
2059 3313 2095 3370 et

1104 3408 1199 3478 idola
1222 3407 1430 3478 defendunt.
1482 3403 1641 3476 Tantum
1667 3419 1786 3476 coetus
1815 3427 1935 3476 veram
1958 3401 2093 3473 doctri-

1103 3534 1185 3578 nam
1210 3533 1341 3578 souans
1363 3505 1521 3580 Ecclesia
1545 3521 1616 3589 est,
1643 3507 1737 3575 etin
1763 3501 1829 3575 hae
1852 3504 2093 3574 ministerium
2183 3569 2186 3574 ,

1102 3624 1154 3681 est
1179 3607 1388 3698 Evangelii,
1412 3623 1452 3678 ut
1478 3609 1522 3677 ad
1543 3601 1718 3698 Ephesios
1744 3605 1914 3698 scripturn
1933 3618 1995 3682 cst.
2049 3601 2091 3673 ln

1102 3707 1168 3782 hac
1183 3735 1264 3780 vere
1280 3723 1363 3780 sunt
1379 3709 1494 3778 claves
1508 3707 1609 3798 regni
1626 3708 1822 3792 caelorum,
1847 3731 1935 3802 quas
1957 3706 2007 3776 sic
2025 3730 2093 3774 no-

1101 3813 1215 3884 minat
1233 3812 1327 3882 filius
1349 3811 1435 3882 Dei.
1486 3807 1607 3900 Quare
1632 3823 1666 3880 et
1691 3807 1730 3878 in
1746 3833 1787 3878 eo
1811 3811 1887 3900 ipso
1912 3821 2015 3880 coetu
2037 3805 2094 3876 ius

1101 3929 1153 3986 est
1173 3914 1323 3985 vocandi
1340 3926 1377 3984 et
1391 3911 1582 3982 ordinandi
1600 3911 1782 3980 ministros
1791 3907 1995 4001 Evangelii,
2008 3909 2091 4002 quia

1101 4013 1219 4087 hostes
1232 4013 1420 4106 Evangelii
1434 4015 1545 4083 vitare
1561 4037 1700 4082 necesse
1723 4026 1793 4098 est,
1815 4024 1982 4106 tanquam
2005 4033 2091 4078 ana-

1100 4114 1265 4192 themata.
1314 4114 1456 4187 Deinde
1474 4114 1610 4188 etiamsi
1630 4128 1828 4206 peteremus
1846 4113 1892 4182 ab
1909 4111 1959 4180 eis
1967 4105 2021 4206 ¹²)
2040 4112 2092 4179 ri-

1100 4235 1175 4292 tum
1192 4218 1447 4303 ordinationis,
1471 4241 1547 4288 non
1562 4216 1781 4294 tribuerent,
1807 4211 1876 4280 nisi
1892 4211 2092 4302 obligarent

1099 4347 1166 4392 nos
1180 4325 1224 4393 ad
1240 4321 1475 4394 abiiciendam
1492 4343 1611 4388 veram
1627 4315 1849 4392 doctrinam,
1874 4325 1910 4384 et
1930 4313 1999 4384 alia
2022 4312 2092 4380 im-

1099 4425 1156 4516 pia
1172 4424 1315 4494 vincula
1339 4422 1444 4491 nobis
1466 4419 1665 4490 iniicerent.
1716 4413 1790 4485 Ncc
1817 4414 1899 4486 ideo
1913 4407 2093 4487 Ecclesiae

1098 4550 1201 4594 verae
1230 4525 1308 4594 sine
1338 4520 1557 4616 pastoribus,
1595 4518 1673 4588 sine
1701 4515 1879 4604 clavibus,
1906 4516 1984 4588 sine
2006 4541 2092 4586 voce

1096 4623 1303 4716 Evangelii,
1335 4623 1412 4694 sine
1440 4619 1647 4692 remissione
1677 4631 1902 4710 peccatorum
1929 4641 2003 4688 esse
2027 4619 2090 4686 cle-

1096 4729 1201 4814 bent,
1234 4727 1318 4822 quia
1344 4722 1503 4820 tyrannis
1521 4719 1782 4816 Episcoporum
1809 4719 1957 4790 idoneus
1981 4719 2089 4788 mitii-

1097 4889 1316 4906 m

1129 4972 1158 5042 7)
1178 4971 1248 5028 cod.
1262 4968 1345 5026 Goth.
1361 4968 1420 5024 190.
1432 4975 1459 5022 et
1474 4965 1557 5022 l’euc.
1574 4973 1679 5020 utute.

1129 5059 1156 5128 0)
1175 5057 1258 5114 Peos.
1272 5067 1298 5111 et
1312 5055 1375 5110 cod.
1387 5052 1474 5108 Goth.
1489 5051 1546 5108 19).
1559 5059 1652 5106 recte:
1663 5049 1730 5122 me,
1746 5065 1797 5122 pro
1809 5060 1888 5104 runt.

1129 5139 1157 5210 9)
1175 5139 1260 5198 Peuc.
1276 5155 1408 5194 munere.

1130 5229 1172 5294 10)
1193 5227 1277 5282 Peos.
1291 5233 1317 5278 et
1330 5223 1392 5279 cod.
1406 5218 1492 5278 Goth.
1506 5217 1564 5304 190.
1582 5217 1613 5270 iu
1624 5217 1722 5272 mutata
1735 5218 1857 5285 seriptis.
1976 5219 1980 5228 '

1130 5312 1174 5380 11)
1193 5309 1275 5364 Peoc.
1296 5315 1407 5365 vocam.

1130 5397 1173 5464 it)
1191 5391 1273 5450 Peuc-
1285 5400 1311 5448 et
1323 5391 1386 5448 cod.
1401 5386 1485 5444 Goth.
1498 5385 1557 5444 θ).
1574 5385 1655 5452 ipssa.
