4726 5818
88 259 169 340 eor
672 242 1109 337 urrsroaaatm
1159 225 1561 338 elsarn-roso
2051 259 2129 338 oss

86 445 217 508 rentur
238 421 452 520 certamina,
477 430 580 505 nolui
600 415 772 507 hactenus
795 433 940 530 publice
961 413 1085 508 contra
1136 445 1207 520 est,
1232 415 1387 505 conandi
1409 443 1445 504 et
1456 429 1697 520 adsentiendi,
1723 443 1763 504 ut
1776 431 1851 528 ipse
1865 431 2023 526 exponis.
2073 429 2122 507 Ut

89 559 157 610 ros
171 535 344 609 tuendam
360 533 549 630 suscipere.
1135 547 1252 606 autem
1274 533 1349 606 vim
1371 533 1477 608 liberi
1501 534 1576 605 arb.
1598 535 1709 606 solam
1734 534 1868 632 absque
1892 537 2004 628 gratia
2037 557 2121 608 cum

182 635 368 709 Protestor
381 649 512 724 autem,
528 659 667 709 menec
681 639 828 711 stoicam
840 637 1083 711 necessitatem
1132 631 1303 724 amomo,
1332 637 1408 708 sire
1430 635 1629 736 opitulante
1651 635 1762 728 gratia
1776 661 1857 710 cum
1879 633 2118 730 Longobardo

89 739 296 826 defendere,
312 761 418 834 quam
432 752 473 812 tu
487 761 529 809 ex
543 739 631 811 falsa
639 735 863 841 quorundam
879 743 985 813 credo
997 763 1083 811 nar·
1133 739 1337 834 applicandi
1369 759 1406 810 se
1436 740 1480 810 ad
1508 738 1676 830 gratiam,
1699 731 1769 808 hoc
1789 752 1857 830 est,
1889 741 1934 811 ad
1956 739 2117 826 verbum,

88 829 232 915 r'atione
246 835 339 912 mihi
352 840 481 913 tribuis
495 843 1082 936 necpraedestinationemmiscere
1132 839 1325 934 Spiritum,
1356 839 1635 911 misericordiam
1655 837 1725 912 Dei
1749 840 1787 910 iu
1808 837 1953 914 Christo
1979 845 2118 914 adserat

88 939 403 1039 huicquaestioul,
416 943 683 1015 nervoluntatis
697 945 896 1020 libertatem
905 945 1032 1018 tollere
1042 943 1081 1014 iu
1132 955 1191 1014 tua
1202 943 1269 1014 ista
1286 941 1466 1027 delinitio,
1498 955 1679 1036 utrunque
1695 941 1736 1013 lit
1758 956 1880 1014 contra
1904 943 2115 1035 scripturam

91 1045 288 1118 efficiendis
296 1043 669 1117 actionibuscivilibus
682 1061 765 1118 ante
777 1047 1080 1141 regenerationem
1131 1057 1166 1115 et
1181 1045 1379 1116 doctrinam
1391 1035 1556 1116 Lattara·
1575 1043 1613 1112 in
1629 1043 1759 1113 nostris
1773 1039 1952 1115 Ecclesiis.
2002 1041 2050 1116 Et
2065 1057 2117 1116 eat

20 1149 23 1248 ζ
93 1158 249 1241 uecpost
257 1147 558 1238 regenerationem
567 1148 673 1220 etiam
688 1148 727 1219 iu
743 1149 987 1244 spiritualibus
1002 1148 1083 1219 cul·
1131 1147 1170 1216 in
1185 1169 1225 1218 ea
1240 1147 1413 1221 sententia
1429 1159 1469 1218 ιιι
1481 1143 1565 1215 vicii
1579 1145 1763 1235 originalis
1779 1145 1827 1216 ita
1842 1141 2117 1217 beneficiiChri-

94 1249 430 1342 tihuspraestandis.
455 1245 920 1342 Tantumuego,hominem
935 1263 1081 1322 natura-
1130 1248 1176 1318 sti
1201 1262 1237 1320 et
1267 1249 1433 1344 propriae
1464 1247 1612 1320 actionis
1638 1245 1793 1339 Spiritus
1821 1249 1933 1318 sancti
1967 1245 2116 1338 insignis

20 1361 21 1364 ’
92 1353 418 1444 literpropagatum
433 1371 536 1444 posse
550 1351 667 1444 ipsum
682 1375 756 1424 sese
769 1353 806 1424 vi
822 1353 927 1425 liberi
939 1351 1080 1424 arbitrii
1131 1353 1302 1444 quaedam
1318 1350 1538 1436 extenuatio,
1564 1348 1668 1420 saluti
1686 1363 1720 1419 et
1735 1348 1896 1420 moribus
1916 1350 2115 1442 perniciosa

91 1453 225 1526 ullaex
242 1465 340 1546 parte
356 1473 563 1544 regenerare
578 1475 639 1524 seu
648 1477 732 1525 vere
748 1453 916 1528 achum
932 1477 1080 1526 conver·
1131 1451 1266 1546 opinio.
1317 1451 1408 1524 Nam
1441 1465 1623 1523 mortuum
1645 1451 1684 1520 in
1706 1451 1857 1544 peccatis
1880 1449 2057 1543 applicare
2078 1473 2115 1520 se

93 1570 187 1640 tere,
200 1567 394 1648 contraque
410 1553 536 1640 sentio,
553 1555 770 1628 voluntatem
782 1558 872 1630 sicut
888 1571 923 1629 et
940 1557 1080 1628 intelle-
1131 1555 1175 1623 ad
1200 1554 1347 1646 gratiam
1370 1553 1520 1648 perinde
1540 1565 1591 1622 est
1606 1575 1647 1622 ac
1661 1565 1841 1624 mortuum
1861 1551 2034 1624 Lazarum
2056 1553 2115 1622 iu-

93 1671 193 1730 ctum
204 1653 334 1727 etalias
347 1655 546 1749 superiores
562 1649 718 1746 hominis
728 1659 832 1746 vires,
846 1657 905 1756 (ιιι
916 1657 1080 1732 terminis
1131 1655 1214 1726 here
1235 1669 1316 1727 ante
1338 1657 1449 1728 vitam
1472 1653 1647 1726 redditam
1669 1654 1787 1749 ipsum
1802 1653 1908 1725 etiam
1924 1655 1968 1724 ad
1990 1674 2113 1724 rocem

94 1756 229 1828 nostris
243 1757 436 1828 dialecticis
451 1755 549 1847 utar)
570 1781 643 1847 esse
660 1759 857 1833 subiectum
878 1761 918 1832 in
934 1784 1080 1852 regene-
1130 1753 1265 1828 Christi
1278 1771 1313 1829 et
1326 1757 1585 1854 porrectionem
1602 1777 1728 1826 manus
1747 1755 1823 1825 eius
1847 1777 1909 1826 sua
1935 1755 2115 1849 eliquari
2151 1755 2159 1780 ⁴

94 1859 252 1942 ratione,
276 1859 373 1952 quod
396 1850 624 1949 regeneralur
644 1863 744 1932 nulla
763 1863 900 1934 ratione
916 1887 989 1936 esse
1005 1863 1080 1932 elb-
1130 1862 1337 1950 adsurgere,
1362 1861 1435 1931 imo
1449 1857 1618 1930 exPaulo
1631 1853 1765 1929 Christi
1789 1865 2011 1950 persecutore
2035 1857 2115 1928 offi-

94 1963 204 2034 ciens.
261 1955 429 2032 Efficiens
459 1961 661 2053 proximum
693 1965 832 2036 affirmo
863 1967 979 2037 solum
1006 1985 1080 2036 esse
1130 1961 1226 2033 cium
1250 1987 1315 2056 pro
1337 1957 1481 2034 Christo
1503 1975 1633 2054 petere.
1694 1957 1766 2030 Ubi
1785 1955 1846 2031 hic
1866 1957 2002 2031 Paulus
2030 1949 2139 2030 curn'

95 2061 273 2154 Spiritum
286 2083 335 2146 ι.1
357 2061 628 2133 iustrumentale
643 2087 727 2135 vero
741 2067 890 2138 verbum
906 2081 942 2140 et
954 2068 1081 2142 Sacra·
1131 2063 1268 2137 Daniele
1288 2065 1478 2156 deplorans
1507 2059 1780 2134 destructionem
1805 2061 1917 2133 totiu's
1937 2055 2114 2134 hamam

94 2175 236 2248 menta,
259 2185 323 2255 per
342 2185 435 2256 qarse
447 2161 602 2256 Spiritus
626 2179 768 2238 sanctus
792 2181 845 2240 est
859 2169 998 2255 ellicax,
1022 2193 1081 2241 re-
1133 2166 1302 2236 naturae?
1351 2159 1442 2241 Nou
1467 2170 1519 2234 est
1542 2163 1681 2248 iustus,
1710 2186 1786 2234 non
1811 2169 1863 2234 est
1893 2159 2117 2256 intelligens,

94 2285 236 2338 novans
264 2264 503 2351 intellectum,
534 2265 754 2338 voluntatem
788 2282 823 2342 et
855 2271 943 2342 alias
976 2271 1081 2358 vires,
1132 2269 1207 2336 nrm¹
1227 2273 1297 2354 est,
1323 2263 1572 2366 quinquiens
1595 2259 1737 2335 Deum:
1763 2287 1887 2334 omnes
1910 2259 2117 2337 declinave-

96 2369 190 2438 sicut
206 2365 325 2460 inquit
339 2361 529 2438 Christuse
546 2365 625 2438 ns‘ss'
635 2365 719 2466 quis
731 2368 855 2488 suerit
870 2381 1020 2449 renatus
1034 2393 1082 2444 ex
1133 2373 1230 2455 ram,
1251 2367 1368 2440 simul
1381 2365 1748 2468 inutilessucls'sunl
1762 2359 2043 2466 calfaciendum
2052 2363 2117 2436 do-

97 2463 398 2566 upuuetspe'rs'tu
422 2480 488 2544 etc.
539 2467 645 2540 Item:
671 2493 737 2570 qus
760 2495 835 2545 non
855 2495 903 2546 ex
923 2473 1082 2571 sungut‘-
1132 2487 1240 2555 mem,
1272 2495 1346 2542 non
1374 2479 1426 2542 est
1452 2469 1591 2556 iustus,
1622 2490 1665 2538 ne
1699 2493 1795 2538 unus
1829 2461 1987 2566 quidem.
2043 2465 2117 2540 Ubi

98 2567 210 2640 nibus
244 2589 358 2668 nepus
379 2589 438 2660 'eat
457 2566 642 2641 voluntate
663 2572 788 2645 carnis
807 2583 874 2646 aut
899 2574 986 2662 viri,
1017 2571 1085 2648 sed
1133 2569 1276 2668 Moyses
1292 2575 1467 2646 detestans
1490 2573 1636 2663 insuper
1653 2571 1849 2642 malitiam?
1899 2561 2021 2640 Omne
2034 2561 2116 2662 fig-

95 2669 169 2844 ppi
186 2691 234 2742 aa·
251 2665 336 2740 De'o
358 2666 446 2758 nuti
466 2679 567 2744 sunt.
611 2669 673 2766 ‚Et
694 2675 785 2748 ratio
803 2679 995 2752 *manifesta
1018 2693 1083 2755 est.
1132 2669 1470 2746 mentumbumani
1482 2669 1603 2747 cordis
1624 2663 1881 2744 tantummodo
1900 2667 2044 2746 molum
2063 2678 2115 2742 est

134 2785 235 2842 atura
253 2773 350 2842 euim
370 2767 527 2844 hominis
551 2787 623 2846 tota
645 2775 684 2844 in
707 2775 768 2860 iis,
791 2803 881 2874 quae
905 2780 1081 2853 advitam
1134 2776 1413 2876 omnitempore.
1979 2837 1982 2848 .

96 2873 278 2966 pertinent
292 2873 554 2964 adipiscendam
572 2889 711 2947 mortua
727 2893 778 2950 est
791 2895 937 2976 propter
950 2883 1082 2954 vicium
1235 2877 1392 2952 Habebit
1406 2880 1511 2952 etiarn
1528 2877 1676 2970 gloriam
1691 2871 1800 2948 homo
1823 2876 1868 2948 ad
1890 2873 2053 2948 meritam
2077 2871 2115 2946 in

97 2974 258 3066 originis,
283 2971 420 3051 Gen.2.
438 2989 507 3048 nec
522 2978 589 3048 alia
607 3001 644 3046 re
659 2979 827 3052 dilierens
842 3007 862 3054 a
880 2997 1005 3055 trunco
1021 2999 1083 3060 aut
1133 2978 1276 3054 Christo
1292 2983 1401 3054 vitam
1417 2980 1666 3075 perveniendi,
1690 3003 1765 3048 non
1789 2977 1857 3050 erit
1877 2972 2011 3049 Christi
2036 3000 2117 3070 gra-

97 3077 248 3158 incude,
290 3100 396 3170 quam
426 3080 523 3172 qarod
556 3091 730 3169 repugnat
761 3083 824 3170 iis,
866 3109 957 3180 quae
989 3087 1083 3159 vitae
1133 3088 1203 3158 tiae
1225 3085 1330 3156 etiam
1348 3079 1456 3156 huius
1478 3082 1661 3154 meritum:
1700 3105 1775 3152 nun
1802 3079 1869 3150 erit
1891 3075 2026 3150 Christi
2056 3103 2118 3170 per

95 3191 183 3250 suut
201 3190 236 3248 et
250 3178 411 3270 spiritus3
442 3179 477 3252 1.
491 3177 574 3253 Cor.
588 3183 625 3255 2.
636 3179 743 3258 Rom.
757 3183 794 3261 8.
816 3199 850 3258 et
867 3189 962 3282 quod
978 3183 1084 3261 habi·
1134 3187 1308 3282 Spiritum
1324 3209 1432 3278 opus,
1454 3197 1496 3256 ut
1511 3185 1658 3256 verbum
1672 3183 1806 3253 donare
1827 3180 1889 3252 ubi
1913 3193 1947 3251 et
1972 3183 2116 3275 quaudo

96 3279 225 3352 tudine
250 3291 302 3350 est
324 3281 370 3350 ad
392 3280 500 3352 vitam
524 3305 608 3376 prae
630 3283 761 3356 incude
775 3301 992 3382 comparata,
1018 3315 1084 3364 nec
1134 3292 1208 3384 ipse
1223 3289 1317 3374 vult,
1343 3289 1391 3362 ita
1405 3301 1440 3358 et
1456 3287 1598 3372 docere,
1622 3279 1781 3370 trahere,
1805 3305 2030 3373 regenerare,
2055 3283 2116 3352 sed
2153 3293 2159 3308 ’

96 3394 218 3452 motus
232 3379 271 3450 iu
286 3403 326 3451 ea
342 3403 416 3452 esse
430 3395 547 3476 potest
561 3399 622 3457 aut
636 3386 728 3457 actio
743 3389 789 3460 ad
804 3390 912 3462 vitam
929 3405 1011 3464 aute
1027 3395 1083 3466 vi·
1135 3395 1202 3464 erit
1225 3385 1293 3462 hoc
1317 3391 1354 3460 vi
1376 3391 1441 3464 lib.
1464 3389 1570 3464 arbit.
1590 3410 1777 3458 commune
1805 3407 1886 3454 curn
1912 3377 2056 3456 Christo
2082 3395 2118 3454 et

96 3497 173 3556 ²³¹⁰
195 3481 383 3558 ῐθᾶἆῖῑὸῐΰ·
1136 3494 1284 3587 Spiritu.
1315 3489 1480 3586 Denique
1496 3491 1565 3560 erit
1579 3491 1617 3558 iu
1636 3483 1792 3560 hominis
1809 3499 1992 3578 potestate,
2008 3461 2118 3556 senhel

199 3581 277 3654 Hic
292 3583 603 3674 ἷὸἷῑῦΐῦθῡῑθΰῑῖθ,
617 3587 831 3660 testimoniis
844 3603 880 3662 et
894 3617 1083 3683 argumen-
1135 3597 1252 3688 agnita
1274 3594 1508 3686 promissione
1527 3592 1677 3682 gratiae,
1699 3589 1909 3660 delictorum
1933 3586 2119 3680 poeniten·

96 3687 145 3756 tis
167 3687 360 3778 scripturae
381 3687 502 3774 nisus,
533 3689 641 3760 verba
664 3701 700 3762 et
721 3693 931 3765 sententiam
954 3699 1084 3770 veteris
1136 3700 1221 3772 tiam
1235 3720 1299 3767 suo
1316 3717 1453 3788 semper
1467 3693 1615 3764 arbitrio
1628 3715 1749 3782 agere,
1773 3689 1830 3758 vel
1840 3686 2012 3781 Spiritum
2028 3713 2057 3760 s.
2070 3689 2116 3758 ad

96 3787 197 3858 illius
211 3787 430 3858 delinitionis
445 3789 630 3882 improbo,
655 3793 821 3884 recitatae
844 3795 882 3866 iu
908 3799 1085 3890 posterio-
1136 3827 1212 3872 cam
1229 3799 1326 3868 velut
1338 3795 1532 3868 obnoxium
1545 3790 1694 3877 habere,
1721 3793 1848 3886 fietque
1871 3804 1910 3862 ut
1925 3791 2029 3862 multi
2048 3785 2119 3860 hnc

94 3890 198 3960 ribus
214 3887 285 3960 tuis
300 3889 432 3963 lociset
449 3893 682 3984 approbatae,
709 3919 778 3989 qua
796 3895 909 3970 libero
934 3901 1083 3974 arbitrio
1138 3901 1362 3994 persuasione
1383 3897 1532 3993 peccatis
1551 3895 1782 3986 indulgeant,
1806 3894 1851 3964 de
1871 3892 1907 3962 vi
1930 3892 1993 3967 lib.
2014 3890 2121 3964 arbit.

96 3989 228 4062 tribuis
243 3991 444 4062 facultatem
460 3991 499 4062 iu
513 3987 659 4064 homine
674 3996 877 4089 applicandi
892 4025 928 4070 se
944 4005 988 4074 ad
1003 4027 1085 4096 gra·
1137 4005 1239 4078 istius
1255 4013 1500 4094 praesumant,
1525 3999 1581 4068 rel
1595 3991 1832 4068 humanarum
1846 3993 1984 4094 virium
2003 3987 2118 4086 hypo-

97 4093 199 4166 tiam.
256 4089 557 4181 Haecdelinitio,
589 4097 819 4169 collatarum
842 4097 1023 4176 Erasmica
1051 4121 1085 4178 et
1137 4107 1243 4178 crisin
1259 4128 1322 4196 pro
1339 4127 1448 4186 nova,
1472 4115 1514 4174 ut
1529 4100 1634 4189 vulgo
1649 4095 1938 4190 lit,poenitentia
1953 4097 2093 4165 ducant.

96 4193 389 4286 Longobatdiffls
416 4207 566 4290 utraque
589 4211 641 4270 est
659 4199 825 4276 deterior.
874 4201 1086 4298 Longobar-
1239 4208 1383 4280 Diserte
1404 4199 1463 4276 hic
1482 4205 1586 4274 etiam
1610 4202 1808 4292 respondeo
1828 4198 1872 4268 de
1885 4209 2000 4268 vestra
2018 4195 2119 4264 obie-

96 4296 178 4366 dica
194 4295 342 4386 gratiam
359 4297 442 4367 sarit
459 4293 652 4372 συναίτιον
665 4301 729 4376 lib.
744 4303 848 4378 arbit
873 4309 917 4376 ad
942 4309 1086 4381 electiu-
1138 4311 1273 4396 ctione,
1299 4308 1395 4404 quod
1418 4331 1437 4376 a
1453 4305 1562 4374 verbo
1586 4296 1753 4374 inchoare
1769 4321 1909 4370 necesse
1926 4299 1989 4378 sit,
2012 4295 2121 4376 con‘a-,

100 4421 203 4482 uem,
233 4417 491 4490 nonexpresse
514 4401 871 4496 adapplicationem3
904 4405 1085 4483 Erasmica
1139 4416 1187 4501 ri,
1210 4409 1400 4490 adsentiri,
1432 4406 1583 4478 abiicere
1608 4415 1747 4498 peccata
1780 4415 1901 4474 contra
1937 4400 2119 4470 conscien-
2166 4459 2178 4467 .

100 4498 185 4568 iacit
209 4497 406 4580 obiectum,
432 4501 609 4572 mediante
626 4505 758 4575 scilicet
779 4508 899 4580 verbu.
949 4511 1086 4606 Loqui·
1139 4518 1241 4596 tiam,
1274 4509 1747 4591 haecomninoessevera3
1779 4503 2031 4574 verumetiam
2054 4525 2119 4570 ne-

99 4609 160 4672 tur
174 4599 280 4670 etiam
294 4601 339 4670 de
357 4599 418 4680 iis,
446 4625 536 4694 quae
550 4605 751 4696 perducunt
765 4609 809 4678 ad
828 4625 1007 4683 aeternam
1031 4640 1086 4687 sa·
1138 4641 1232 4689 cesse
1257 4629 1309 4686 est
1332 4611 1567 4700 distinguere,
1597 4608 1693 4702 quod
1714 4619 1749 4677 et
1774 4603 1878 4699 initio
1899 4603 2030 4672 lacteam
2057 4615 2120 4688 est,

99 4703 233 4786 lutam,
257 4701 352 4796 quod
370 4701 500 4790 gratiae
516 4725 576 4774 seu
601 4706 746 4798 spiritus
767 4723 818 4780 est
839 4735 903 4803 per
926 4715 1086 4792 verbum.
1140 4721 1234 4792 iuter
1255 4713 1480 4810 quaestiones
1501 4711 1563 4782 lib.
1587 4710 1681 4794 arb„
1713 4708 1868 4778 diversas
1892 4705 1975 4774 item
1998 4727 2119 4774 causas

99 4799 181 4873 Tua
196 4815 297 4873 vetus
312 4802 376 4872 ista
392 4802 551 4874 definitio
575 4806 784 4896 simpliciter
799 4813 977 4886 obiectum
993 4819 1089 4904 lacit,
1140 4837 1174 4894 et
1199 4820 1355 4892 effertus.¹
1411 4813 1583 4886 Liberum
1607 4811 1794 4880 arbitrium
1816 4807 1854 4876 in
1880 4805 2121 4886 numanatis,

100 4905 176 4976 sive
197 4903 354 4974 favorem
379 4903 452 4974 sive
473 4907 609 4977 donum
631 4905 699 4978 Dei
719 4909 896 5003 intelligas
919 4941 983 5010 per
1008 4943 1089 5012 gra·
1142 4937 1182 4996 ut
1201 4933 1317 5016 potest
1338 4920 1453 4988 lacere
1473 4915 1590 4988 civilia
1615 4911 1702 5002 legis
1736 4933 1861 5000 opera,
1895 4909 1943 4978 ita
1977 4907 2122 4999 insuper

99 5005 208 5092 tiam,
233 5015 269 5076 et
283 5005 431 5075 verbum
454 5030 536 5100 curn
557 5005 706 5081 Erasmo
725 5011 895 5090 includas.
945 5015 1000 5091 Εο
1025 5047 1089 5093 au·
1141 5036 1255 5120 potest
1281 5023 1394 5092 lacere
1417 4999 1623 5112 hypocrisin
1645 5037 1793 5105 operum
1816 5008 2053 5102 spiritualium
2083 5007 2121 5076 in

100 5121 173 5178 tem
192 5107 287 5199 ipso,
303 5131 374 5199 quo
389 5107 566 5181 obiectum
583 5111 685 5198 lacit,
709 5115 755 5184 ab
773 5116 1006 5194 efficientibus
1031 5147 1089 5194 re·
1143 5142 1290 5220 utraque
1315 5122 1457 5204 tabula,
1491 5131 1531 5188 ιιι
1553 5115 1696 5186 dillicile
1720 5137 1823 5206 saepe
1845 5111 1891 5184 sit
1924 5110 2125 5180 discerncre

101 5223 221 5279 moret
239 5209 386 5298 gratiam
401 5221 522 5281 contra
542 5225 638 5282 tuam
661 5214 771 5307 ipsius
792 5219 925 5314 alioqui
946 5239 1091 5298 senten·
1143 5231 1236 5300 iuter
1253 5235 1413 5296 renatum
1437 5233 1471 5290 et
1484 5243 1557 5288 non
1574 5229 1754 5302 renatum,
1778 5235 1858 5283 vere
1873 5209 2126 5310 sanctificatum

103 5311 211 5393 tiam,
253 5333 293 5379 ac
315 5309 388 5378 vim
411 5297 523 5382 inesse
544 5315 612 5383 soli
633 5315 747 5387 libero
769 5321 843 5389 arb.
869 5326 990 5395 statuit
1011 5341 1092 5399 ante
1144 5345 1179 5402 et
1193 5323 1436 5424 hypocritam,
1462 5320 1551 5414 quin
1565 5313 1633 5390 hoc
1653 5331 1704 5390 est
1725 5315 1835 5387 solius
1854 5311 1922 5386 Dei
1945 5313 2127 5410 iudicium.

108 5411 258 5503 gratiam
273 5433 347 5480 non
365 5411 646 5502 eligendisolum
664 5421 724 5488 sed
741 5433 775 5491 et
790 5421 1092 5516 applicandi,ho'c
1147 5431 1257 5502 l'eros
1283 5441 1401 5499 autem
1424 5423 1541 5494 cordis
1567 5435 1703 5501 motus,
1736 5416 1999 5500 adsensionem,
2027 5415 2133 5486 timo-

165 5515 343 5583 dlrusrrn.
370 5517 474 5584 Οιιιι.
500 5519 582 5586 Vos.
608 5519 702 5594 Vlll.
1454 5524 1504 5599 57
