4714 5832
98 207 174 282 11⁷
652 195 1090 280 EPISTOLARUM
1151 199 1257 278 [ΑΒ.
1282 198 1367 278 Xll.
1419 197 1551 280 1563.

94 374 331 470 scriptoribus
352 374 467 448 virtus
488 372 603 465 gentis
617 371 912 460 Hermundurae,
937 397 1027 470 quae
1050 393 1090 446 ea
1141 367 1208 444 No.
1222 366 1336 448 6424.

95 481 177 552 loca
198 491 297 550 tenet
316 476 412 548 intra
434 475 584 548 Sudetes
605 489 745 548 montes
752 527 765 564 ,
798 500 889 570 quae
906 499 1003 548 nunc
1016 473 1090 544 Bo-
1151 466 1321 496 *Ν

98 577 240 654 herniae
261 578 537 672 adpellationem
560 573 704 652 babent.
760 575 810 650 Et
834 575 902 650 hoc
926 579 1088 672 proximo

99 683 219 754 seculo
233 682 342 754 vestri
355 682 507 752 maiores
520 682 688 752 virtutem
697 703 797 752 suam
812 683 1037 752 declararunt
1050 680 1087 750 in

100 785 308 856 detonsione
323 806 426 854 verae
444 782 639 854 doctrinae.
691 781 838 876 Semper
856 785 966 873 igitur
986 807 1087 874 prae-

100 889 194 958 clare
217 888 263 956 de
289 899 392 975 gente
417 879 610 956 Bobemica
633 885 746 971 sensi,
778 899 812 958 et
834 885 1086 976 gratitudinem
1141 918 1315 993 Adam
1342 917 1492 1021 Aqmq

99 1011 167 1060 nos
188 989 368 1058 ridebere
389 987 509 1058 iudico
534 999 740 1080 propterea,
764 991 861 1082 quod
881 989 997 1060 fontes
1021 989 1088 1058 do-

99 1091 236 1162 ctrinae
251 1089 408 1182 purioris
422 1089 528 1160 nobis
542 1089 765 1174 monstravit.
800 1087 968 1182 Comperi
983 1091 1087 1160 ctiam

99 1191 747 1283 gravitatcmetoondoremeximium
763 1215 835 1262 esse
852 1191 891 1260 in
915 1243 927 1266 .
952 1243 963 1268 .
986 1245 997 1266 .
1022 1187 1087 1288 .²),

100 1294 165 1388 qui
180 1289 271 1364 mibi
283 1293 506 1365 familiariter
519 1293 598 1364 noti
610 1293 766 1366 fuerunt.
823 1291 944 1382 Quare
963 1307 1000 1366 et
1019 1295 1087 1387 ipsi
1140 1281 1191 1370 S.
1217 1299 1262 1372 D.
1312 1291 1501 1366 Carissime
1514 1285 1674 1376 Adane,
1702 1293 1860 1384 puteolos
1877 1292 1978 1364 vobis
1990 1287 2136 1386 halcyo-

99 1397 198 1486 genti
211 1395 370 1486 gratulor
381 1390 450 1465 hoc
463 1397 588 1476 decus,
613 1396 711 1488 quod
729 1394 834 1467 multi
846 1395 885 1464 in
900 1419 940 1466 ea
954 1397 1088 1468 doctri·
1141 1399 1202 1468 nia
1225 1411 1259 1468 et
1281 1397 1494 1466 mediocrem
1518 1397 1833 1490 tranquillitatem,
1869 1408 1991 1467 etum
2019 1392 2135 1464 filium

99 1521 169 1567 nae
185 1497 301 1570 studia
316 1511 435 1568 amant
449 1510 482 1568 et
496 1498 637 1582 colunt,
662 1509 698 1567 et
711 1496 862 1586 gaudeo,
887 1521 950 1568 vos
965 1521 1090 1569 aman·
1141 1499 1210 1572 Dei
1223 1501 1405 1570 custodem
1420 1495 1611 1584 Ecclesiae,
1635 1512 1676 1570 ut
1691 1497 1828 1588 mitiget
1841 1497 1962 1589 generi
1976 1491 2134 1566 humano

98 1615 156 1672 ter
169 1602 215 1670 de
228 1597 334 1669 nobis
346 1600 494 1682 sentire,
520 1623 561 1670 ac
579 1613 683 1690 opto,
706 1609 748 1668 ut
760 1593 939 1670 Ecclesiae
954 1613 1089 1671 vestrae
1129 1624 1275 1694 poenas
1300 1614 1335 1672 et
1356 1625 1431 1671 non
1454 1601 1547 1671 sinat
1570 1600 1730 1692 extingui
1746 1600 1862 1688 lucem
1878 1598 2135 1672 doctrinarum.

102 1714 138 1774 et
152 1715 295 1774 nostrae
308 1723 422 1770 unum
437 1701 560 1772 sintin
575 1700 662 1774 Deo.
713 1697 956 1770 Honestorum
972 1695 1091 1772 bomi—
1145 1703 1186 1774 ln
1215 1701 1408 1774 Germania
1437 1727 1571 1774 novum
1598 1702 1734 1774 bellum
1766 1701 1884 1772 subito
1912 1714 2049 1772 motum
2073 1711 2135 1772 est.

101 1803 319 1886 numidius,
345 1825 434 1895 quos
448 1797 520 1872 buc
533 1801 695 1888 misistis,
720 1801 787 1871 deo
811 1801 974 1889 iuvante,
999 1821 1092 1878 recte
1144 1801 1309 1876 Marchio
1336 1798 1510 1875 Albertus
1538 1805 1669 1897 oppida
1696 1804 1869 1898 quaedam
1894 1799 2136 1890 Noribergen·

102 1905 239 1976 erudiri
252 1917 288 1976 et
301 1904 492 1994 gubernari
507 1904 729 1983 curabimus,
756 1915 791 1974 et
810 1927 953 1974 oramus
977 1905 1090 1979 filium
1144 1907 1235 1978 sium
1259 1906 1334 1996 igni
1357 1907 1504 1987 delevit,
1543 1907 1728 1996 occupavit
1748 1903 1982 1994 Bombergam
2006 1915 2041 1974 et
2065 1901 2136 1972 alia

100 2007 174 2091 dei,
199 2006 411 2080 dnostrum
429 2001 747 2090 lesumeristum,
773 2008 955 2076 custodem
967 2002 1092 2081 Eccle-
1145 2009 1317 2104 quaedam
1337 2009 1536 2079 vicinorum
1552 2003 1813 2100 Episcoporum
1828 2006 1970 2098 oppida.
2009 2001 2136 2074 Postea

101 2108 175 2179 siae
192 2129 275 2180 suae
299 2139 655 2163 -----
672 2102 708 2196 ²)
1145 2111 1243 2181 velut
1264 2111 1358 2181 intra
1382 2111 1480 2206 pylas
1502 2111 1654 2180 adducto
1680 2109 1833 2178 exercitu
1847 2131 1910 2200 per
1924 2104 2136 2196 Turingiam

1145 2213 1322 2304 profectus
1337 2213 1441 2282 estin
1456 2211 1628 2282 ditionem
1646 2211 1745 2280 ducis
1759 2207 2040 2280 Brunsvicensis.
2077 2203 2137 2276 Ibi

1146 2337 1243 2382 nunc
1276 2313 1508 2384 vastationem
1537 2312 1632 2384 facit.
1700 2310 1908 2402 Reprimere
1939 2333 2021 2380 eum
2053 2303 2137 2378 Dux

1146 2413 1339 2486 Mauritius
1361 2411 1504 2484 Elector
1525 2426 1685 2487 conatur.
1734 2411 1839 2482 Nunc
1865 2423 1983 2480 autem
2005 2432 2137 2478 conve-

1061 2583 1070 2600 ,
1147 2530 1278 2588 nerunt
1290 2515 1427 2610 aliquot
1441 2515 1617 2608 principes
1631 2512 1882 2606 pacificationis
1895 2534 2012 2596 causa,
2028 2531 2136 2603 quam

916 2623 1086 2652 M

459 2720 528 2810 M.
557 2719 750 2810 corteno.
825 2691 828 2698 ’

206 2886 236 2956 †'
248 2884 286 2940 Er
303 2901 398 2956 apogr.
415 2881 445 2938 in
463 2881 527 2940 cod.
546 2881 632 2940 Pstis.
649 2879 687 2938 D.
707 2883 741 2940 L.
759 2887 793 2942 st
804 2889 828 2944 ⁸.

1469 568 1566 660 Ae.
1591 569 1814 684 Aquilae.

1209 751 1232 818 ᾖ·
1248 747 1287 802 lix
1299 767 1395 822 apogr.
1409 747 1438 804 in
1452 747 1514 805 rod.
1527 747 1613 804 l'sris.
1630 745 1787 804 D.1..54⁸.

1497 945 1568 1003 ae,
1601 917 1831 1016 gubernante
1851 913 1980 990 studia
1999 909 2135 989 doctri·

1141 1049 1212 1096 noe
1227 1023 1267 1096 in
1282 1020 1422 1122 inclyta
1437 1015 1998 1108 urbeBohemiueLitomere'eia,
2016 1017 2135 1092 amico

1527 1149 1597 1197 suo
1612 1147 1741 1198 curtes.

98 2521 296 2654 Q.

1147 2719 1285 2790 vicinae
1314 2715 1431 2791 adbuc
1464 2715 1677 2812 tranquillae
1710 2729 1809 2801 sunt,
1849 2729 1890 2786 ut
1923 2739 1965 2784 ex
1989 2711 2138 2805 paginis,

1147 2845 1235 2916 quas
1256 2821 1380 2908 mitto,
1411 2843 1609 2910 cognosces.
1669 2817 1777 2907 Quod
1799 2811 1889 2886 milti
1908 2809 2051 2886 bonesti
2067 2813 2138 2884 viri

1147 2924 1240 2994 cives
1256 2924 1363 2992 vestri
1376 2923 1500 2993 vinum
1515 2923 1700 3006 miserunt,
1726 2919 1867 2990 mallem
1883 2939 1943 2988 ens
1957 2939 2032 2986 non
2048 2938 2137 2986 onc-

98 3035 360 3116 Mapphm
382 3029 602 3130 collino,
629 3041 671 3114 ᾗ,
686 3037 1095 3146 Academgapmgmp
1147 3040 1242 3096 ratos
1264 3047 1338 3094 esse
1360 3037 1521 3116 sumptu3
1555 3025 1616 3094 sed
1637 3019 1884 3092 benevolentia
1902 3043 2025 3089 eorum
2040 3017 2137 3087 dele-

1147 3140 1241 3212 ctor,
1273 3137 1307 3196 et
1331 3125 1478 3217 gratiam
1504 3126 1553 3196 eis
1576 3119 1688 3194 habeo
1714 3145 1794 3193 cum
1818 3123 1862 3192 de
1879 3119 2138 3204 benevolentia,

98 3181 153 3268 S·
180 3189 227 3266 D·
257 3189 490 3311 Ρθξῑῖθὸῑῐῦθ
505 3193 562 3262 Vll·
576 3193 746 3314 ἳῑξῗῑῖὸὓ·
761 3194 883 3319 fffllffl':
933 3198 1034 3292 305⁰,
1060 3220 1095 3279 ῑθ
1146 3243 1222 3299 tum
1238 3253 1321 3298 vero
1341 3241 1484 3322 propter
1498 3249 1647 3314 munus,
1671 3237 1777 3318 teque
1793 3247 1875 3309 oro,
1899 3236 1940 3294 ut
1955 3222 2005 3292 eis
2028 3221 2137 3312 grati-

99 3320 176 3367 non
193 3295 357 3414 ⁰bl¹v¹⁵i¹
371 3307 513 3364 nostrae
523 3309 720 3413 amrcrtrae,
745 3311 884 3384 ettamsr
896 3327 961 3395 per
974 3306 1094 3382 literas
1146 3331 1306 3401 tudinem
1331 3355 1444 3400 meam
1467 3352 1631 3422 exponas,
1682 3325 1768 3398 Filii
1782 3325 1887 3396 nobis
1904 3348 2007 3396 curae
2020 3335 2137 3406 erunt,

99 3399 259 3492 colloque
279 3409 384 3466 toties
393 3447 405 3481 ‚
434 3411 572 3489 quoties
586 3397 778 3485 vellemus,
798 3425 874 3472 non
896 3428 1094 3497 possumus.
1145 3447 1179 3503 et
1199 3457 1263 3503 010
1280 3429 1416 3518 Deum,
1448 3433 1583 3502 sontem
1604 3429 1814 3520 sapientiae,
1845 3439 1886 3500 ut
1905 3449 1971 3496 nos
1990 3439 2024 3496 et
2041 3425 2136 3517 ipsos

100 3499 294 3628 {serissime
319 3499 415 3620 ..zm
437 3523 505 3568 v0¹
531 3511 601 3584 aa,
635 3494 738 3572 ἅπαν
764 3497 808 3574 τὸ
833 3505 1003 3624 neaufle
1023 3508 1093 3608 τὴν
1144 3536 1327 3624 gubernet.
1377 3531 1580 3608 Benavate.
1630 3529 1706 3604 cat.
1722 3527 1817 3602 tutu.

100 3620 189 3693 ισην
215 3623 286 3692 εχει
311 3620 437 3694 φυσιν.
501 3597 665 3671 Clemens
699 3601 962 3680 Alexandnnns
995 3609 1092 3686 hunc

99 3725 245 3773 versum
261 3725 303 3770 ex
317 3696 494 3793 Sophocle
508 3703 606 3774 citat.
658 3701 759 3774 Tuae
776 3707 883 3778 ctiam
898 3712 1041 3786 virtutis
1058 3731 1091 3788 et

102 3827 186 3896 erga
203 3826 261 3872 me
275 3803 542 3874 benevolentiae
552 3805 723 3874 memoria
739 3811 833 3898 apud
850 3835 908 3882 me
922 3831 1090 3908 perpetua

103 3907 191 3988 crit,
224 3917 260 3974 et
275 3903 429 3974 amicitia
444 3919 564 3976 nostra
581 3907 719 3976 dulcius
740 3909 902 3982 fruemur
919 3917 959 3986 in
976 3923 1091 3993 coele-

1884 3623 2085 3724 Philippus.
2222 3623 2224 3630 '

1146 2619 1283 2688 utinam
1298 2617 1394 2688 Deus
1418 2617 1600 2708 gubernet.
1650 2611 1718 2686 Dei
1739 2613 1910 2684 beneficio
1925 2608 2137 2682 Academiae
2253 2675 2257 2688 ,

102 4010 148 4078 sti
162 4003 332 4076 Ecclesia.
383 4003 489 4076 Nunc
508 4020 544 4078 te
559 4031 643 4091 nro,
668 4021 709 4078 ut
729 4010 850 4081 literas
875 4015 1032 4092 breviter
1057 4039 1091 4096 et

101 4109 223 4181 subito
236 4108 385 4198 scriptas
406 4107 495 4178 boni
521 4109 694 4179 consulas.
744 4109 870 4186 Studia
890 4133 1089 4196 vestronun

101 4212 366 4282 adolescentum
382 4210 487 4280 nobis
504 4233 609 4282 curae
627 4225 750 4298 erunt,
776 4227 810 4286 et
831 4214 962 4293 iubebo
985 4240 1026 4298 ut
1045 4229 1089 4298 ad

101 4329 138 4385 te
151 4311 310 4381 scribant
326 4310 412 4400 ipsi,
436 4335 516 4381 curn
531 4315 690 4404 proxime
705 4315 825 4388 literas
841 4297 993 4402 mittenl.
1047 4327 1089 4399 ln

100 4412 298 4485 Germania
330 4433 473 4482 rursum
502 4437 687 4484 accensum
721 4431 773 4488 est
812 4421 959 4501 bellum.
1017 4429 1088 4503 Sed

100 4539 201 4586 nunc
214 4513 393 4606 principes
412 4514 556 4606 quidem
574 4517 826 4606 pacificationis
846 4548 949 4597 causa
960 4553 1090 4602 conve-

99 4629 249 4688 nerunt.
299 4611 374 4685 Nos
393 4615 506 4686 lilium
520 4613 589 4686 Dei
609 4643 767 4706 oremus,
797 4637 838 4694 ut
853 4623 1030 4701 Eeclesias
1055 4649 1090 4706 et

98 4719 162 4811 pia
186 4715 303 4789 studia
325 4738 401 4786 non
418 4717 512 4789 sinat
535 4719 657 4793 deleri.
715 4719 786 4792 Pro
808 4729 914 4798 caseis
940 4733 1091 4824 pagellas

100 4821 173 4892 tibi
194 4819 319 4902 mitto,
337 4839 429 4911 quae
451 4821 659 4907 ostendent,
686 4817 745 4892 hie
766 4822 883 4900 adhuc
894 4825 963 4902 Dei
981 4837 1090 4908 bene-

100 4923 184 4992 ficio
203 4934 239 4992 et
254 4913 443 5014 halcyonis
457 4935 492 4991 et
508 4923 697 4993 mediocria
713 4925 956 5004 doctrinarum
973 4939 1091 5012 studia

99 5045 190 5096 ease.
239 5019 339 5091 Bene
356 5021 434 5091 vale
447 5022 626 5093 carissime
639 5025 756 5101 trater.
808 5027 882 5106 Cal.
899 5031 964 5113 lul.
983 5037 1091 5120 1553,

110 5189 322 5212 -μ-

132 5289 165 5440 3
182 5300 298 5439 llneliqur
311 5380 369 5418 non
382 5363 525 5422 baberetur.

1154 4037 1219 4111 No.
1235 4032 1349 4111 5425.

1147 4133 1360 4170 Μ

1427 4234 1577 4324 Wenc.
1604 4229 1850 4316 Brodensa'.

1211 4421 1231 4485 l·
1248 4415 1288 4472 Es
1299 4431 1394 4487 apogr.
1409 4411 1438 4466 in
1450 4409 1514 4468 cod.
1527 4405 1615 4463 Paris.
1632 4403 1669 4464 D.
1682 4402 1714 4464 1..
1729 4401 1792 4466 54⁴.

1142 4581 1355 4664 Reverendo
1379 4583 1474 4670 viro,
1505 4575 1709 4654 eruditione
1727 4586 1759 4649 et
1783 4573 1913 4647 virtute
1924 4574 2137 4672 praestanti

1141 4691 1255 4766 Dom.
1278 4685 1323 4764 V
1323 4679 1537 4760 enceslao
1561 4675 1812 4768 Brodsnsi,
1835 4674 1998 4748 Ductori
2009 4669 2133 4748 Theo-

1231 4789 1372 4890 lagiae,
1389 4785 1518 4890 fratri
1532 4811 1601 4860 suo
1617 4779 1810 4857 carissimo
1828 4777 1868 4850 in
1885 4771 2044 4854 Russia.

1143 4945 1192 5037 S.
1216 4953 1263 5032 D.
1313 4951 1524 5028 Reverende
1545 4950 1603 5018 vir
1625 4959 1660 5016 et
1684 4942 1801 5015 carias.
1822 4940 1943 5011 frater.
2003 4934 2132 5008 Subito

1144 5064 1297 5134 scribere
1318 5081 1376 5128 me
1399 5053 1596 5146 oportebat.
1645 5043 1756 5116 Dabis
1774 5042 1882 5132 igitur
1895 5037 2036 5107 veniam
2050 5037 2132 5106 bre-

1144 5163 1258 5238 vitati.
1306 5154 1356 5228 Et
1371 5181 1413 5228 ex
1427 5151 1591 5245 pagellis,
1614 5146 1835 5243 mumius,
1860 5138 1978 5210 studia
1992 5132 2133 5208 Acade

1144 5266 1235 5336 miae
1249 5278 1446 5349 cognosces,
1460 5242 1557 5349 'qtae
1568 5246 1824 5324 Deibeuebcio
1834 5236 2024 5315 mediocria
2038 5252 2133 5314 sunt.

1146 5363 1313 5440 Gratiam
1329 5360 1397 5434 tibi
1420 5353 1552 5437 babeo,
1583 5353 1683 5447 quod
1702 5361 1738 5422 et
1759 5339 1967 5418 memoriam
1991 5353 2134 5416 nomae

1464 5451 1518 5528 81

1957 5721 2125 5788 .Α.
