4688 5816
242 233 318 312 699
399 229 403 239 ’

244 409 290 480 sit
316 404 542 478 reconciliata
565 417 601 474 et
623 417 764 496 accepta
789 401 888 488 Deo,
923 401 967 472 ad
991 399 1100 472 vitam
1122 411 1236 470 aeter-

247 534 330 579 nam
351 521 497 600 propter
518 505 724 580 mediatoris
747 504 1003 588 obedientiam,
1029 504 1116 586 lide,
1139 500 1235 572 iuxta

247 612 382 680 dictum
399 605 561 679 Danielis
583 621 617 680 et
640 609 785 678 similia:
812 629 885 676 oen
906 613 1054 703 propter
1071 599 1236 674 iustitias

247 719 414 796 nostros,
444 703 511 779 sed
536 731 601 807 per
631 703 920 780 misericordium
949 715 1095 804 propter
1119 698 1236 774 domi-

248 837 336 884 num
365 805 507 882 naudi
533 833 611 885 nos.
661 809 738 882 Etsi
766 807 903 880 habitat
931 807 1028 880 Deus
1056 809 1095 878 in
1123 805 1237 889 Mose,

248 914 350 1000 Elia,
385 911 542 997 Davide,
581 909 705 998 Esaia,
743 911 910 996 Daniele,
950 909 1076 996 Petro,
1115 907 1238 991 Paulo,

195 1021 199 1028 '
251 1031 367 1090 tamen
396 1009 435 1084 hi
466 1037 588 1084 omnes
613 1015 785 1100 latentur,
818 1037 855 1082 se
878 1013 988 1084 iustos
1016 1035 1090 1081 esse
1118 1033 1237 1080 coram

249 1115 346 1203 Deo,
377 1139 452 1187 non
472 1131 617 1208 propter
645 1111 940 1188 inhabitationem
953 1107 997 1212 ²⁰)
1027 1115 1146 1198 illam,
1177 1135 1238 1182 seu

252 1217 455 1290 effectiones
478 1218 557 1287 illas
582 1241 645 1288 seu
666 1218 878 1303 novitatem,
911 1219 971 1286 sed
997 1229 1141 1308 propter
1162 1237 1238 1282 me-
1288 1217 1396 1281 slum.
1438 1207 1511 1280 Nec
1524 1223 1641 1280 tameo
1657 1213 1815 1300 castitas,
1840 1227 1902 1284 aut
1920 1215 2056 1308 reliqna
2073 1213 2280 1284 obedientia
2333 1214 2334 1274 l

251 1319 399 1391 diatoris
422 1319 660 1390 obedientiam
684 1334 719 1391 et
743 1319 1029 1390 intercessionem
1046 1341 1111 1410 per
1132 1315 1239 1384 mise-

250 1422 461 1506 ricordiam,
487 1421 569 1514 quia
591 1421 629 1490 in
653 1415 720 1490 hac
740 1423 811 1491 vita
835 1423 977 1493 suntin
1000 1419 1051 1490 cis
1069 1415 1239 1511 reliquiae

251 1523 395 1616 pcccati.
443 1519 654 1616 Quanquam
674 1521 783 1612 igitur
796 1523 856 1592 illa
872 1523 1010 1594 novitas
1026 1521 1137 1612 placet
1152 1517 1240 1603 Deo,

252 1641 292 1696 ut
316 1637 435 1716 postea
451 1623 606 1710 dicetur,
628 1639 744 1693 tamen
767 1626 899 1710 sciunt,
925 1625 961 1694 in
978 1623 1159 1694 inlinitum
1174 1645 1239 1690 an-

251 1727 467 1796 teferendam
490 1749 563 1795 esse
588 1749 670 1794 suae
698 1727 845 1796 novitati
870 1727 1108 1796 obedientiam
1132 1736 1167 1792 et
1183 1723 1239 1791 iu-

252 1829 498 1898 tercessionem
515 1827 740 1913 mediatoris,
764 1828 853 1900 sicut
871 1829 987 1924 inquit
1003 1825 1149 1896 Paulus:
1175 1847 1238 1892 su-

251 1951 334 1998 mus
351 1925 451 1998 electi
464 1923 508 2021 ³⁰)
524 1927 563 1996 in
583 1923 722 1999 dilecto.
767 1925 814 1998 Et
831 1925 960 2021 Ephes.
976 1930 1028 1999 3.:
1056 1947 1239 2024 perquem

252 2024 430 2100 habemus
447 2052 627 2098 accessor:
643 2026 682 2120 ⁵¹)
700 2023 890 2122 infiducio
905 2055 970 2124 prr
980 2023 1091 2121 fidem
1109 2027 1238 2122 ipsius.

355 2129 409 2200 De
428 2127 494 2200 hoc
518 2133 666 2202 articulo
690 2133 873 2224 praecipue
890 2134 1033 2202 dimicat
1050 2127 1239 2213 Osiaoder‚

254 2247 287 2302 et
303 2233 503 2316 contendit,
528 2228 708 2302 hominem
726 2234 858 2304 iustum
879 2257 951 2304 esse
970 2248 1111 2326 propter
1135 2226 1239 2300 inha-

253 2335 459 2405 bitationem
488 2332 572 2417 Dei,
611 2349 653 2405 ιιι
689 2335 761 2426 ipse
792 2337 967 2428 loquitur,
1000 2361 1062 2405 seu
1097 2348 1240 2424 propter

251 2433 367 2506 Deum
384 2430 654 2522 inhabitantem,
680 2461 754 2506 non
777 2451 921 2528 propter
934 2437 1138 2508 mediatoris
1153 2436 1240 2506 obe-

251 2537 442 2621 dientiam,
482 2561 557 2606 non
589 2537 761 2630 imputata
792 2539 928 2610 iustitia
952 2539 1156 2608 mediatoris
1176 2561 1240 2629 per

250 2639 542 2712 misericordiam.
579 2635 629 2710 Et
653 2641 944 2732 propositionem:
962 2635 1042 2732 fide
1061 2633 1240 2730 iustifica-

251 2765 354 2826 mur,
380 2739 429 2810 sic
447 2741 658 2831 corrumpit:
685 2742 752 2812 lide
769 2737 1091 2837 praeparamrrr³²),
1113 2741 1239 2810 utalia

250 2867 308 2921 re,
340 2841 472 2912 scilicet
495 2836 715 2913 inhabitante
739 2839 816 2914 Deo
841 2844 924 2916 iusti
949 2845 1068 2917 simus.
1129 2841 1180 2913 lta
1201 2867 1239 2912 re

252 2945 327 3034 ipsa
344 2943 446 3026 dicit,
477 2947 573 3036 quod
586 2941 748 3036 Papistae
762 2945 903 3032 dicunt,
935 2970 1055 3016 sumus
1075 2945 1158 3016 insti
1171 2969 1238 3014 no·

252 3045 380 3130 vitate,
405 3045 473 3114 uisi
490 3047 586 3137 quod
607 3047 769 3117 nominat
791 3071 947 3130 causam,
971 3050 1034 3118 nbi
1050 3047 1239 3118 nominant

252 3143 413 3236 Papistae
442 3147 615 3216 ellectum.
660 3147 790 3218 Sumus
821 3149 903 3220 insti
934 3147 1010 3219 Deo
1040 3173 1104 3220 nos
1132 3171 1238 3218 reno-

253 3263 368 3322 vante.
419 3243 583 3316 Detrahit
603 3247 711 3338 igitur
733 3243 905 3319 hcroorem
923 3253 1079 3322 debitum
1104 3249 1238 3318 media-

252 3349 339 3434 tori,
372 3361 406 3418 et
429 3349 594 3417 obscurat
614 3349 894 3438 magnitudinem
921 3353 1068 3442 peccati,
1094 3365 1128 3421 et
1143 3351 1238 3422 delet

253 3447 529 3521 consolationem
570 3452 795 3543 praecipuam
844 3453 985 3544 piorum
1025 3467 1059 3522 et
1093 3453 1239 3521 adducit

253 3549 368 3646 eos³³)
399 3553 437 3619 in
469 3567 673 3642 perpetuam
700 3553 970 3626 dubitationem.
1029 3554 1111 3625 Non
1142 3554 1237 3623 enim

152 3691 155 3698 v
251 3669 363 3744 potest
380 3675 451 3722 esse
468 3653 571 3739 fides,
596 3653 665 3723 nisi
682 3655 862 3726 intueatur
883 3657 1151 3748 promissionem
1169 3655 1237 3724 mi-

251 3755 462 3825 sericordiae
491 3757 537 3822 de
566 3758 770 3831 mediatore.
829 3757 901 3828 Nec
931 3775 982 3832 est
1014 3755 1238 3842 inhabitatio,

253 3858 320 3925 nisi
344 3851 409 3924 hac
433 3841 502 3923 iide
525 3871 663 3947 accepta
687 3859 731 3928 sit
756 3860 962 3933 consolatio.
1014 3857 1066 3930 Αι
1089 3883 1237 3950 praepo-

250 3973 339 4028 stera
362 3958 417 4028 via
441 3958 591 4025 docendi
616 3972 683 4028 est:
719 3961 818 4050 prius
841 3964 981 4030 credere
1003 3958 1235 4030 inhabitatio-

249 4085 349 4141 nem,
376 4073 493 4149 postea
509 4059 753 4128 remissionem
775 4077 1004 4150 peccatorum.
1055 4060 1145 4134 Cum
1168 4063 1236 4151 igi-

249 4177 307 4232 tur
324 4177 357 4234 et
372 4163 500 4230 falsum
516 4160 562 4230 sit
579 4155 824 4230 hoc'Osiandri
840 4166 978 4252 dogma,
1003 4178 1038 4234 et
1052 4163 1235 4234 conscien-

249 4263 307 4332 tiis
325 4265 581 4354 perniciosnm,
613 4263 820 4354 fugiendum
837 4278 870 4334 et
886 4267 1128 4334 damnandum
1148 4279 1209 4335 est.

350 4363 540 4451 Quomodo
562 4379 679 4435 atatem
701 4366 839 4435 novitas
863 4366 899 4434 in
925 4367 1055 4436 renatis
1070 4367 1115 4437 sit
1132 4367 1234 4438 iusti-

246 4465 315 4550 tia,
340 4465 480 4555 copiose
497 4465 534 4532 in
548 4467 679 4534 nostris
696 4465 863 4536 Ecclesiis
878 4468 1086 4540 declaratur.
1121 4465 1230 4540 Aliud

247 4581 316 4645 est,
343 4590 413 4658 qno
437 4589 585 4656 persona
602 4563 729 4658 loseph
752 4570 841 4640 iusta
867 4583 918 4641 est
941 4593 1057 4640 coram
1075 4571 1168 4650 Deo,
1195 4573 1232 4640 id

246 4682 298 4738 est
319 4669 543 4737 reconciliata
568 4679 601 4736 et
617 4667 695 4736 Deo
713 4683 930 4762 acceptasse
948 4673 1108 4764 placens:
1134 4673 1229 4742 :aliud

249 4863 466 4879 m

276 4985 324 5054 29)
343 4985 389 5041 ste
406 4985 470 5041 cod.
487 4985 572 5041 Gotlr.
591 4987 630 5046 19.
647 5006 698 5061 pro
716 4991 935 5046 dedr'tatrbmm.

221 5070 225 5093 ¹
273 5071 319 5140 90)
339 5073 436 5140 eiecti]
455 5069 516 5127 cod.
533 5069 620 5128 Goth.
635 5072 676 5129 19.
693 5093 744 5148 pro
761 5077 863 5131 dilecti.

271 5157 325 5278 mil
338 5157 409 5213 coa.
428 5156 511 5214 Goth.
529 5155 573 5212 19.
594 5161 733 5216 dedemus
750 5177 896 5217 aurnum
919 5175 971 5233 pro
989 5159 1129 5214 memus
1144 5177 1226 5216 aare·

326 5243 381 5282 ere.

270 5311 316 5380 tt)
327 5313 389 5380 fide
400 5311 622 5384 praeparamur]
640 5329 698 5366 noo
717 5313 844 5384 leguntur
860 5311 889 5367 io
908 5313 973 5370 eod.
992 5311 1075 5370 Goth.
1087 5314 1129 5370 19.

268 5393 314 5460 98)
333 5394 401 5452 cod.
420 5393 561 5456 ooo.19.
580 5413 629 5450 eor
644 5412 697 5466 pro
713 5411 776 5450 nor.

803 221 1250 318 ¹rtrusrouaaura
1301 221 1521 300 arnan.
1575 219 1706 303 assa.
1789 199 1796 212 “

1286 409 1338 466 est
1357 395 1495 466 castitas
1513 391 1652 488 loseph.
1703 395 1824 468 Placet
1847 397 1943 468 eninr
1965 421 2115 489 persona
2137 393 2281 488 loseph't

1288 522 1351 590 per
1369 499 1646 568 misericordiam
1673 515 1817 592 propter
1844 501 2058 591 promissum
2080 495 2276 580 Christum,

2331 86 2332 158 ι

2198 221 2274 298 ιιι

1287 600 1375 678 fide,
1410 601 1530 688 gratis.
1579 599 1704 671 Postea
1730 603 1834 672 etiam
1857 603 1996 673 castitas
2012 605 2050 672 io
2070 625 2112 673 eo
2129 616 2180 672 est
2204 602 2276 670 vir·
2332 650 2333 686 2

1288 715 1344 772 tus
1359 725 1501 770 accensa
1517 725 1537 772 a
1554 699 1628 772 Deo
1645 697 1867 774 inhabitante
1882 705 1920 773 in
1937 705 2031 795 ipso,
2057 719 2092 774 et
2106 705 2276 773 obedien-
2332 741 2333 756 ι

1290 804 1336 870 tia
1360 803 1434 872 eius
1458 799 1620 874 inchoata
1640 801 1685 902 ³⁸)
1709 807 1917 876 nominatur
1938 806 2091 892 iustitia,
2122 807 2208 900 quia
2230 819 2278 876 cst

1289 899 1468 976 inchoatio
1486 905 1590 994 legis,
1616 907 1653 974 in
1679 933 1739 992 eo,
1764 909 1826 1000 qui
1841 903 1882 998 ⁸¹)
1909 909 2020 998 placet
2037 921 2183 1000 propter
2204 933 2278 976 me-

1289 1007 1481 1087 diatorem,
1512 1021 1553 1078 ut
1579 1011 1596 1078 t
1623 1007 1716 1078 Petr.
1738 1007 1784 1082 ll.
1806 1010 1953 1080 dicitnr:
1989 1003 2113 1111 offerte
2132 1001 2278 1079 hostius

1290 1103 1505 1202 spirituales
1527 1105 1613 1178 beor
1633 1107 1818 1206 placentes
1840 1108 1924 1180 Deo
1941 1135 2006 1208 per
2023 1109 2147 1181 Iesum
2162 1105 2278 1181 Chri·

1291 1312 1329 1380 in
1354 1305 1500 1402 loseph,
1533 1327 1609 1384 erat
1642 1313 1795 1398 iustitia,
1828 1331 2103 1410 propterquam
2128 1339 2280 1408 persona

1290 1427 1364 1485 erat
1377 1413 1488 1494 iusta,
1513 1429 1574 1484 aut
1590 1439 1678 1508 quae
1700 1419 1809 1507 possit
1821 1417 1955 1510 opponi
1973 1418 2106 1487 indicio
2123 1416 2205 1492 Dei.

1391 1513 1493 1584 Hanc
1515 1511 1707 1586 antithesin
1727 1521 1900 1608 dogmatis
1914 1515 2119 1590 Osiaodriei
2143 1533 2176 1590 et
2199 1543 2280 1588 seo-

1293 1616 1438 1685 tentiam
1465 1631 1666 1688 nostrarum
1690 1617 1928 1690 Ecclesiarum
1952 1622 2200 1706 recitavimus,
2241 1637 2281 1692 ιιι

1291 1719 1401 1808 arrigis
1427 1720 1581 1810 conspici
1615 1723 1802 1813 praecipua
1829 1725 1985 1792 membra
2017 1723 2281 1793 controversiae

1292 1821 1444 1909 possint,
1470 1835 1504 1890 et
1530 1835 1568 1892 ut
1591 1823 1829 1912 intelligatur,
1863 1849 1926 1894 cur
1942 1828 2066 1914 dogma
2087 1821 2282 1894 Osiaodri-
2334 1855 2335 1920 ζ

1290 1945 1369 1990 cum
1392 1923 1650 2012 improbemus:
1677 1926 1783 1996 simul
1802 1926 1907 1996 etiam
1933 1923 2018 1996 hinc
2040 1927 2190 1997 iudicari
2219 1953 2282 2018 po-

1292 2037 1357 2092 test
1372 2021 1433 2118 '‘'),
1467 2018 1535 2094 hor
1557 2040 1731 2096 certamen
1752 2051 1826 2096 non
1849 2051 1923 2098 esse
1946 2025 2190 2126 λογομαχίαν,
2219 2032 2279 2098 sed

1289 2127 1564 2194 controversiam
1580 2131 1623 2196 de
1640 2130 1745 2198 rebus
1759 2131 1906 2219 magnis,
1924 2133 1968 2200 de
1985 2133 2127 2222 proprio
2143 2126 2281 2200 honore

1291 2239 1326 2295 et
1340 2227 1455 2296 ollicio
1472 2229 1686 2313 mediatoris,
1714 2233 1852 2300 devera
1869 2233 2109 2302 consolatione
2127 2233 2281 2324 piorum,

1290 2330 1334 2396 de
1356 2329 1560 2398 discrimine
1584 2355 1814 2422 personarum
1838 2335 2059 2418 divinarum,
2087 2339 2131 2404 de
2155 2335 2281 2404 discri-

1290 2429 1385 2500 mine
1400 2430 1503 2518 Legis
1526 2445 1560 2502 et
1575 2431 1780 2523 Evangelii,
1808 2437 1850 2502 de
1868 2435 2049 2506 intellecto
2067 2437 2282 2528 propositio-

1290 2531 1361 2600 nis:
1382 2525 1464 2623 fide
1480 2528 1735 2626 iustificomur.
1786 2534 1840 2605 Ne
1855 2539 1927 2628 ipse
1942 2539 2085 2631 quidem
2101 2535 2281 2608 Osiander

1291 2633 1403 2702 videri
1427 2637 1556 2720 voluit,
1586 2631 1647 2706 has
1672 2660 1751 2707 suas
1773 2639 1929 2708 rabiosas
1946 2641 2192 2710 contentiones
2209 2663 2281 2710 csse

1289 2747 1426 2805 tantum
1442 2733 1685 2834 λογομαχίαν,
1708 2764 1910 2831 quanquam
1926 2744 2075 2810 taxanda
2091 2756 2126 2811 et
2140 2741 2280 2831 fugien-

1290 2840 1331 2904 da
1356 2851 1429 2907 erat
1452 2841 1526 2907 eins
1542 2843 1652 2909 torma
1670 2843 1858 2933 loquendi,
1880 2843 2017 2914 etiamsi
2034 2857 2123 2913 esset
2138 2857 2275 2914 tanturn

1289 2935 1507 3035 λογομαχία.
1557 2939 1632 3011 Cur
1660 2944 1755 3012 euim
1772 2939 1813 3038 ³²)
1843 2947 1947 3014 rebus
1975 2961 2067 3017 recte
2097 2946 2278 3038 explicatis

1290 3041 1419 3112 alludit
1435 3039 1479 3137 ³³)
1499 3043 1683 3130 caliginem
1705 3046 1808 3114 novis
1831 3047 1973 3115 verbis?
2023 3045 2127 3118 Certe
2150 3051 2277 3116 obscu-

1289 3155 1387 3210 ratur
1418 3145 1620 3214 mediatoris
1643 3147 1817 3228 officium,
1849 3171 1929 3216 cum
1955 3148 2058 3220 dicit:
2093 3143 2204 3218 homo
2230 3161 2278 3218 cst

1288 3243 1401 3312 iustus
1423 3247 1599 3316 essentiali
1625 3247 1776 3334 iustitia3
1816 3259 1851 3318 et
1872 3249 2078 3320 discrimina
2109 3275 2279 3342 persona-

1288 3369 1367 3414 rum
1389 3347 1590 3417 divinarum
1616 3349 1903 3436 confunduntur,
1938 3365 1973 3422 et
1992 3355 2188 3424 verborum
2211 3354 2277 3422 ob·

1290 3447 1436 3517 scuritas
1452 3462 1487 3518 et
1509 3449 1571 3518 illa
1588 3443 1770 3544 θαύματα
1788 3444 1966 3546 ῥημάτων
1987 3455 2135 3545 gignant
2157 3455 2195 3522 io
2214 3479 2278 3544 po-

1290 3549 1373 3638 pulo
1391 3549 1547 3621 diversas
1562 3553 1760 3642 opiniones,
1783 3555 1881 3626 uode
1898 3556 2066 3628 oriuntur
2080 3557 2278 3627 discentiae

1287 3649 1467 3742 publicae,
1493 3653 1673 3738 sactiones,
1698 3655 1790 3736 odia,
1815 3669 2012 3728 contemtos
2029 3657 2277 3730 ministrorum

1288 3767 1380 3822 recte
1393 3766 1427 3822 et
1444 3754 1652 3845 simpliciter
1668 3757 1883 3842 docentium,
1907 3769 1944 3828 et
1958 3759 2026 3828 alia
2044 3761 2171 3840 multa,
2189 3781 2279 3852 qnae

1287 3855 1480 3924 discordias
1498 3858 1656 3947 publicas
1672 3859 1897 3932 comitantur.
1949 3859 2069 3948 Quare
2085 3861 2183 3930 fideli
2199 3861 2279 3930 ani·

1288 3980 1345 4022 ιιιο
1381 3961 1568 4026 suademus
1599 3962 1765 4029 euntibus
1800 3962 2099 4050 gubernatoribus
2132 3963 2279 4056 ubique,

1287 4057 1346 4146 qni
1369 4058 1503 4141 seiont,
1538 4060 1575 4128 in
1601 4057 1767 4130 Ecclesiis
1789 4063 1863 4132 auis
1885 4057 2054 4132 hactenns
2077 4065 2277 4134 doctrinam

1285 4154 1468 4246 Evangelii
1488 4175 1579 4232 recte
1596 4165 1759 4233 traditam
1776 4187 1860 4248 esso,
1886 4187 1932 4232 ne
1946 4167 2136 4236 adonttaut
2155 4168 2278 4236 deleo·

1285 4261 1418 4327 sion··m
1444 4259 1648 4333 Osiaodriei
1672 4266 1861 4354 degustatis,
1901 4266 2037 4335 etiamsi
2060 4269 2141 4359 quis
2176 4264 2277 4366 [tan-

1286 4357 1380 4456 tum]
1399 4357 1441 4456 ³⁹)
1467 4359 1531 4432 hac
1557 4367 1777 4438 exctisatiene
1801 4367 1854 4438 uti
1881 4368 1983 4451 velit,
2015 4371 2109 4461 quud
2135 4383 2276 4440 tantem

1286 4465 1474 4548 verborum
1495 4465 1666 4538 dissensio
1691 4470 1758 4552 sit,
1789 4481 1825 4538 et
1838 4483 1985 4562 quaerat
2005 4471 2200 4540 concinnas
2218 4472 2276 4539 irs-

1285 4565 1560 4654 tccprrtationes.
1611 4566 1713 4640 Certe
1731 4570 1792 4663 qni
1812 4570 2018 4640 „leiinitione
2033 4573 2203 4650 dissidet,
2228 4575 2273 4642 de

1285 4681 1353 4734 tota
1373 4692 1410 4736 rc
1426 4667 1600 4740 dissentit·
1651 4670 1789 4742 Scimus
1807 4673 1970 4760 arolrigne
1987 4673 2078 4744 dicta
2097 4700 2171 4746 nou
2191 4699 2273 4764 pro-

1285 4855 1505 4871 mm

1314 4975 1361 5043 tt)
1380 4975 1449 5033 Cod.
1467 4975 1550 5033 Goth.
1571 4979 1612 5034 19.
1630 4989 1781 5036 renouare.

1312 5061 1357 5130 95)
1374 5062 1450 5116 Ten.
1468 5063 1592 5135 impress.
1608 5067 1745 5120 meliento
1761 5067 1829 5134 legia
1846 5069 1874 5119 r'n
1892 5081 1940 5134 re,
1963 5083 2044 5135 wer.

1312 5146 1357 5210 96)
1376 5146 1454 5206 Ten.
1474 5150 1556 5220 impr.
1571 5153 1672 5216 poerit.

1311 5233 1356 5300 ³7)
1374 5230 1450 5288 Text.
1470 5233 1551 5302 impr.
1569 5250 1645 5290 uero.
1705 5259 1709 5268 ·

1311 5317 1355 5384 88)
1374 5316 1444 5372 Cod.
1460 5315 1545 5374 Goth.
1562 5317 1601 5370 19.
1618 5319 1745 5385 offundit.

1309 5403 1355 5472 99)
1373 5403 1443 5458 cod.
1460 5399 1545 5461 Goth.
1565 5402 1607 5458 19.
1625 5399 1976 5474 praeseminantur:
1995 5403 2114 5464 ridetur·
