4726 5818
113 262 199 342 ssa
618 223 622 232 ’
680 257 1111 342 nersrocaarna
1161 255 1381 342 mam
1434 257 1566 340 1⁶5⁶.
2067 265 2142 342 aas

115 441 158 512 'm
188 431 375 527 Evangelii
408 436 551 530 proprie
588 435 709 529 pstebt
746 447 949 528 peccstnm,
1008 435 1106 530 quod
1154 435 1350 528 apostolico
1367 449 1401 506 et
1415 431 1573 522 Niceno,
1598 447 1633 508 et
1649 435 1937 530 commeatibus.
1975 431 2142 520 Memini,

116 541 275 614 menduc
287 540 448 629 ignorat,
470 553 505 610 et
517 538 712 610 contemnit
722 538 842 614 ¹lilium
855 536 946 624 Dei,
968 549 1004 609 et
1017 538 1106 616 scri-
1153 536 1313 608 Flaeium
1328 553 1409 610 ante
1425 559 1539 608 annos
1552 538 1688 634 aliquot
1701 533 1960 629 reprehendere
1966 535 2155 638 sormam.

118 655 219 735 ptum
242 651 311 710 est:
344 636 499 736 spiritns
529 646 662 733 arguet
683 631 862 710 mundum
887 633 932 710 dc
950 626 1105 734 peccalo,
1153 647 1302 708 nostrae
1333 635 1594 710 invocationis:
1631 629 1890 735 „omnipotens
1918 633 2044 726 Dens,
2077 662 2141 710 oc-

117 736 224 844 qnod
233 734 473 812 senosrcdant
489 737 531 810 s'n
547 763 614 812 mc.
665 737 851 831 Exponam
868 755 903 812 et
919 741 1005 810 alias
1020 765 1104 810 can-
1153 748 1252 811 terne
1265 733 1379 811 Pater
1391 737 1556 810 Domini
1574 737 1696 810 nostri
1707 735 1795 810 Icsn
1811 732 1959 812 Carion·
1966 793 1978 824 ,
1997 750 2141 812 crentur

116 867 192 928 sas,
216 867 297 914 cum
312 842 435 912 videro
451 851 657 927 censuram,
681 865 773 934 quae
787 865 902 925 nranc,
925 856 968 911 ut
982 841 1104 925 audio,
1153 865 1232 912 com
1241 837 1348 914 It'ilio
1363 849 1427 914 tuo
1443 849 1631 912 coaeterno
1646 836 2011 938 ctSpiritosancto.”
2061 842 2136 919 Mi·

117 944 275 1034 cnditnp.
312 941 505 1038 Sequentia
525 941 566 1013 in
581 955 641 1014 tus
657 943 804 1034 epistola
818 957 879 1014 aut
891 943 1027 1012 ironiae
1044 955 1104 1012 aut
1152 947 1276 1030 rabac,
1301 968 1372 1016 cur·
1384 941 1677 1036 reprehenderet,
1710 967 1777 1014 nec
1800 955 1916 1016 tamen
1935 944 2137 1036 'quidquam

115 1046 269 1116 insidiae
294 1057 388 1116 sunt.
438 1043 527 1114 Nam
550 1045 580 1114 si
602 1043 773 1133 ingenua,
797 1057 837 1114 ut
851 1043 947 1113 inter
961 1044 1104 1129 amicos,
1153 1047 1552 1140 malisnspicatnssum.
1603 1043 1708 1114 Nune
1725 1045 1853 1131 video,
1871 1067 1959 1138 quas
1977 1045 2150 1137 disputa-1

118 1145 450 1232 dissertationem,
489 1169 564 1215 non
586 1145 794 1237 praeterires
815 1145 974 1236 primum
998 1159 1102 1235 caput
1151 1149 1266 1220 tiones
1286 1162 1438 1222 moveat.
1495 1147 1578 1218 Non
1607 1145 1715 1237 genui
1739 1169 1832 1218 nova
1860 1147 2043 1236 dogmata,
2073 1149 2137 1218 sed

119 1243 311 1343 lobannis,
334 1247 431 1340 quod
451 1244 519 1317 tibi
540 1269 615 1316 non
631 1245 793 1336 ignotum
808 1259 870 1318 est.
920 1241 970 1316 Et
984 1255 1102 1316 tamen
1151 1253 1376 1320 communem
1409 1249 1608 1320 doctrinam
1641 1243 1769 1317 harum
1803 1243 2063 1333 Ecclesiamm,
2095 1260 2138 1320 nt

117 1349 223 1420 dicis:
264 1371 440 1442 nusquam
463 1347 672 1418 nominatur
690 1347 785 1416 filius
806 1339 934 1446 λόγος,
964 1347 1035 1418 nisi
1063 1347 1101 1415 in
1150 1351 1269 1443 potui,
1296 1351 1454 1443 congessi
1465 1351 1505 1420 in
1521 1372 1634 1421 unum
1650 1361 1850 1440 corpus,ut
1863 1349 2023 1418 iuniores
2037 1371 2137 1418 sum-
2247 1350 2252 1358 ’

117 1449 333 1543 Apocalypsi
355 1448 456 1520 cuius
469 1447 717 1522 auctoritatem
733 1447 869 1521 abiicis.
908 1447 983 1518 Nec
998 1447 1102 1538 igno·
1151 1477 1245 1523 mam
1259 1477 1377 1524 rernm
1400 1451 1586 1544 complecti
1603 1461 1757 1543 possent.
1810 1447 1994 1538 Quaedam
2015 1449 2137 1521 minus

117 1567 176 1622 ras
191 1549 335 1620 initium
359 1549 493 1642 primae
510 1549 678 1642 epistolae
693 1543 878 1622 Iohannis.
930 1543 1004 1634 Ac,
1029 1549 1103 1620 dis·
1151 1550 1296 1624 horride
1320 1553 1467 1626 recitavi
1496 1565 1642 1646 propter
1662 1551 1904 1631 iuventutem,
1935 1563 1971 1622 et
1995 1571 2136 1642 semper

117 1652 217 1722 cerni
232 1651 269 1720 in
283 1647 439 1721 Ecclesia
454 1644 568 1748 λόγον
582 1642 971 1744 deprocdpcavosavoce
988 1665 1100 1721 creata
1150 1677 1206 1724 me
1234 1655 1367 1728 indicio
1391 1651 1570 1726 Ecclesiae
1597 1651 1742 1724 subieci.
1798 1649 1930 1735 Vides,
1958 1662 2134 1745 qnantum

116 1763 366 1836 evanescente,
394 1752 500 1824 nosti·
556 1749 639 1824 scio
663 1763 798 1836 autem,
836 1751 948 1822 multa
978 1765 1100 1822 contra
1150 1759 1281 1828 nostris
1304 1781 1394 1849 opus
1417 1757 1463 1828 sit
1487 1755 1695 1838 concordia,
1718 1772 1827 1848 qnare
1849 1753 2007 1824 etiamsi
2033 1773 2138 1845 qnae,

120 1867 155 1924 et
177 1853 352 1944 disputata
374 1875 449 1922 ²⁵⁸0
471 1852 578 1938 olim,
611 1863 647 1924 et
675 1846 743 1922 hot
770 1863 930 1943 tempore
955 1853 1102 1925 moveri·
1149 1873 1189 1931 ut
1202 1859 1277 1930 beri
1291 1859 1394 1930 aliter
1410 1857 1449 1926 in
1462 1851 1528 1928 hac
1543 1855 1784 1926 imbecillitate
1797 1865 1944 1924 naturae
1964 1875 2038 1924 non
2053 1867 2134 1944 pot·
2256 1875 2258 1880 ·

114 1949 190 2026 Nec
212 1978 291 2024 sum
313 1955 402 2024 adeo
426 1954 528 2025 rudis
550 1947 799 2040 historiarum,
824 1966 864 2023 ut
882 1952 1101 2026 samosateni
1149 1975 1221 2046 est,
1259 1959 1496 2032 dissensiones
1530 1957 1750 2040 inciderent,
1786 1955 1844 2048 pia
1878 1953 2135 2024 diiudicatione

117 2067 153 2126 et
166 2055 319 2125 aliorum
344 2055 534 2125 certamina
559 2055 735 2138 nesciam,
758 2078 824 2123 nec
839 2055 927 2124 adeo
952 2055 1102 2126 stolidus
1149 2075 1268 2134 nostra
1302 2062 1451 2132 vulnera
1479 2061 1634 2130 sananda
1670 2067 1783 2126 erant.
1840 2053 1944 2126 Nunc
1979 2067 2135 2126 certatur

117 2179 218 2242 Μ,
242 2169 282 2228 ῦῑ
297 2150 386 2224 'nihl
403 2157 524 2226 ”⁰¹¹⁸ss
536 2150 802 2254 Ψθανθλῡγῖαι
817 2156 855 2226 ln
872 2168 1026 2226 mentem
1041 2179 1102 2226 ve·
1148 2165 1259 2250 odiis,
1272 2177 1307 2235 et
1319 2162 1533 2234 factionibus
1547 2161 1743 2230 incitantur
1757 2169 1880 2228 contra
1898 2177 1964 2227 nos
1981 2168 2017 2226 ct
2031 2155 2134 2248 prin-

117 2258 235 2332 niant.
292 2255 364 2328 Sed
396 2257 532 2328 retineo
559 2257 819 2326 invocationem
853 2256 920 2326 lilii
950 2253 1037 2342 Dei,
1068 2271 1102 2327 et
1148 2265 1242 2356 cipes
1265 2279 1300 2337 et
1321 2265 1474 2358 populus
1492 2261 1636 2332 saevitia
1660 2257 1885 2352 scriptorum.
1932 2253 2133 2329 Lacerora

117 2382 222 2450 saepe
247 2381 407 2448 expresse
435 2357 632 2430 Serveticos
663 2357 801 2427 furores
829 2358 1004 2432 refutavi·
1041 2353 1101 2438 At,
1148 2363 1363 2446 pontificiis,
1383 2352 2132 2435 nnccnoconcrameltbcumedioicScn-

117 2459 254 2553 inquis,
279 2459 479 2530 continuari
495 2457 781 2530 Stenckieldiana
795 2459 940 2544 deliria,
959 2461 989 2529 si
1008 2456 1101 2528 filins
1145 2459 1299 2564 pinytus.
1348 2465 1458 2537 Multi
1475 2465 1637 2548 fanatici,
1654 2451 2132 2551 Scroccos,Snnctsetdica

116 2564 257 2632 dicatur
297 2549 416 2658 λόγος.
473 2556 552 2650 Ego
585 2558 768 2651 perspicue
804 2561 957 2630 refutare
999 2583 1100 2650 posse
1147 2581 1182 2639 ec
1196 2569 1258 2638 otti
1274 2580 1466 2638 concrema
1481 2565 1610 2635 atrocia
1627 2563 1966 2654 scriptasdtdcrom.
1994 2555 2133 2630 tornea

116 2659 404 2736 Stcnclrl'cldiana
419 2661 586 2747 adfirmo,
607 2661 712 2730 etiam
732 2659 809 2730 sine
828 2659 1101 2732 Samosatenicis
1147 2671 1336 2742 incurrunt
1357 2669 1395 2737 in
1419 2691 1572 2736 menon
1595 2666 1720 2734 minus
1748 2663 1914 2734 atrociter
1934 2653 2132 2736 Ftoctont.

115 2777 152 2834 et
172 2761 362 2836 Srrvcticis
382 2761 537 2836 acasiliis.
596 2759 696 2850 Quia
731 2784 822 2853 opus
854 2776 927 2841 est,
969 2763 1100 2854 inquis,
1148 2769 1245 2843 Inter
1267 2765 1353 2841 haee
1371 2769 1526 2863 pericula
1549 2791 1606 2837 me
1621 2766 1694 2836 filio
1711 2764 1796 2846 Dei,
1822 2761 1979 2836 Domino
2006 2774 2131 2832 nostru

116 2887 223 2934 rnuca
247 2876 282 2934 ct
303 2864 397 2932 blesa
421 2887 527 2945 soce,
559 2863 588 2930 si
619 2861 714 2932 filins
744 2864 819 2952 i'pse
844 2863 1101 2932 concionatur?
1147 2871 1226 2943 lecu
1241 2867 1385 2944 Christo
1407 2871 1636 2949 commendo,
1660 2879 1694 2938 ει
1710 2887 1792 2936 eum
1814 2887 1898 2949 010,
1923 2875 1965 2936 ut
1983 2887 2045 2934 me
2065 2885 2132 2952 gu.

117 2963 307 3038 ttoohotto
331 2977 523 3034 scommate
545 2963 757 3034 subsannari
780 2987 855 3042 me,
880 2959 944 3034 ccci
966 2963 1098 3035 ἐκθια·
1145 2975 1288 3058 homes,
1328 2987 1364 3044 et
1388 2962 1663 3048 agauno-itione
1688 2966 1803 3040 iaciat.
1864 2963 1947 3036 Scio
1975 2987 2032 3034 ma
2054 2981 2130 3028 non

114 3061 329 3162 ιρίζεσθαι,
349 3088 424 3134 non
441 3065 544 3134 vaide
558 3064 702 3134 moleste
719 3065 807 3135 lero.
842 3063 924 3134 Seio
940 3089 996 3134 me
1016 3089 1100 3134 ran-
1145 3099 1218 3146 esco
1240 3066 1524 3165 ἀναμάρτητον,
1550 3091 1614 3138 ncc
1636 3066 1814 3157 defugiam
1838 3059 1970 3134 iudicia
1987 3075 2130 3132 nostra·

115 3191 197 3238 cum
220 3181 253 3236 et
278 3167 414 3236 blesum
439 3189 522 3238 esse.
579 3165 650 3238 Sed
672 3159 864 3263 laosluclns
884 3165 977 3236 inre
1002 3179 1097 3236 tanta
1144 3201 1224 3248 mm
1239 3171 1490 3244 Ecclccismm.
2080 3154 2099 3226 .'

115 3291 190 3338 non
215 3269 427 3360 probaturos
448 3291 521 3338 esse
535 3265 632 3336 viros
655 3290 778 3358 graves
792 3265 966 3354 arbitror,
991 3279 1026 3338 et
1050 3282 1098 3352 te,
1242 3273 1339 3344 Hace
1353 3273 1398 3344 ad
1414 3269 1619 3363 epistolam,
1640 3287 1747 3362 qnam
1760 3259 1851 3336 mibi
1872 3261 2018 3350 misisti,
2043 3263 2127 3334 bre·

114 3371 249 3458 miror,
273 3363 336 3440 bas
349 3369 510 3454 delicias,
535 3391 615 3438 cum
634 3369 679 3438 ad
698 3393 754 3438 me
771 3367 1096 3440 vetercm'amicum
1143 3375 1236 3450 viter
1250 3375 1467 3467 responden,
1492 3387 1527 3445 ot
1550 3383 1585 3442 te
1607 3391 1691 3454 oro,
1711 3379 1753 3440 nt
1775 3366 1823 3437 sis
1838 3359 2130 3438 bortstorcsrte-

113 3470 259 3554 scribis,
290 3493 420 3542 amare·
474 3465 616 3540 Dicitur
645 3470 690 3540 cle
715 3469 933 3540 ministerio:
967 3489 1016 3538 cs·
1038 3491 1098 3538 occ
1142 3478 1193 3548 rio
1227 3479 1273 3548 ad
1306 3475 1464 3548 studium
1500 3472 1665 3572 publicae
1696 3465 1981 3566 tranquillitatis.
2030 3461 2130 3534 Bm

114 3567 324 3672 insontium
339 3584 405 3648 etc.
455 3567 555 3640 lneo
577 3569 776 3640 ministerio
800 3569 895 3638 lilius
917 3581 1022 3662 caput
1045 3582 1097 3640 est
1142 3579 1230 3654 vato,
2142 3584 2147 3594 “

112 3685 189 3744 non
203 3673 377 3758 otiosum3
405 3693 470 3766 ego
484 3695 567 3741 sum
586 3667 690 3756 vitis,
714 3693 778 3742 cos
787 3665 974 3768 palmites.
1014 3661 1095 3740 Nc-

112 3798 174 3846 sno
190 3767 297 3844 'soon
314 3781 458 3873 patrem
478 3769 557 3843 nisi
564 3764 697 3862 filins,
729 3779 763 3842 ct
787 3767 848 3842 cni
876 3765 967 3840 colet
979 3761 1095 3862 filius
1150 3775 1246 3790 '‘¹'’

112 3873 283 3948 revelare.
333 3873 407 3946 Nee
420 3874 542 3946 reiicio
558 3869 752 3965 Augustini
772 3873 907 3946 dictum
934 3873 978 3941 de
1003 3870 1094 3940 lilio:
1140 3897 1207 3974 No·
1224 3893 1338 3976 0134,
1967 3893 2026 3961 η,
2042 3887 2118 3955 n„

110 3971 276 4078 quotidie
295 3973 457 4048 mittitur
474 3973 679 4071 snpientia,
705 3981 745 4044 nt
759 3972 809 4045 sit
830 3997 910 4046 cnm
933 3963 1094 4044 homine.
1146 4001 1361 4040 w
1946 3973 2121 4015 w·-

111 4079 186 4152 Nec
208 4091 328 4152 umen
349 4078 435 4150 inde
456 4077 745 4152 Stcnclclcldiana
764 4087 978 4174 sequuntur,
1004 4097 1094 4172 quae
1367 4061 1602 4152 Inaclst‘mo
1624 4055 1899 4148 Antdtsbo.
1938 4077 1942 4088 '

109 4181 245 4252 tollunt
256 4191 440 4251 externum
457 4178 707 4252 ministerium.
1210 4205 1454 4284 qmopognpto
1472 4201 1580 4260 moed.
1594 4199 1666 4256 Gattt
1681 4201 1721 4256 tt.
1738 4194 1868 4272 patet·

111 4277 519 4454 ,attacum
535 4276 1092 4470 accumulante
1140 4311 2127 4530 ggcjggfftpgfflt‘„ctutum3⁰50:

110 4481 840 4676 ἓξῧέΐῗᾚᾙὲἳὲἒξᾙῗῖσΐῶ
847 4481 1091 4673 ἀῖἰᾞξὲἰῖ
1139 4541 1243 4614 mino
1261 4539 1304 4612 in
1325 4531 1456 4608 Zcrbst
1479 4539 1512 4603 ct
1532 4521 1767 4614 Barnburck,
1789 4517 1940 4596 domino
1963 4547 2032 4594 sno
2052 4515 2126 4594 cie-

111 4685 263 4758 tectores
286 4696 361 4756 tots
390 4695 545 4754 vetustas
573 4683 845 4774 interpretatur,
877 4695 920 4756 nt
942 4683 981 4750 in
1005 4681 1092 4750 meis
1855 4755 1866 4778 ·

109 4785 545 4880 scriptitationum
558 4795 666 4852 noue
680 4783 754 4853 sint
763 4783 830 4854 tibi
842 4783 1092 4875 explicationes
1138 4763 1190 4852 S·
1215 4776 1260 4850 D.
1319 4769 1453 4845 lllnstr.
1484 4781 1520 4840 et
1550 4762 1773 4882 Clementiae.
1803 4755 1987 4876 Pflpffil’*
2043 4751 2123 4828 ΟΝ

109 4899 285 4970 eumne,
317 4875 517 4975 longiorem
545 4883 915 4952 commemorationem
950 4884 1090 4955 omitto.
1138 4877 1253 4950 Deum
1269 4887 1450 4947 aeternum
1464 4883 1600 4964 patrem
1614 4868 1751 4983 dommi
1767 4855 1926 4978 nostra-l.
1943 4855 2004 4941 G,
2026 4879 2124 4942 creso

105 4987 215 5072 Scio,
239 4981 404 5059 homines
426 4997 581 5065 uentos,
608 4981 671 5080 qni
689 4984 888 5054 doctrinam
913 4981 1091 5054 Ecclesiae
1137 4971 1251 5052 torim
1272 4976 1363 5048 coeli
1382 4981 1594 5046 atterracet
1609 4963 1826 5082 bonnam,
1840 4985 1904 5054 an
1926 4971 1969 5078 et·
1985 4981 2122 5077 annum

109 5102 364 5183 aspernantur,
389 5109 464 5156 non
478 5076 667 5156 difficulter
689 5083 850 5154 invenire
862 5085 960 5178 qnod
977 5107 1088 5176 oppo-
1137 5105 1199 5152 sna
1222 5077 1394 5171 sapientia
1414 5069 1610 5152 ordinavit,
1633 5077 1675 5136 nt
1691 5054 1989 5136 Ecclessaeethss
2003 5081 2120 5150 reguo-

1543 4625 1709 4706 mcntiss.

5 5201 42 5235 ''
106 5205 216 5274 nant,
241 5203 276 5260 et
298 5183 368 5260 hoc
389 5178 546 5258 seculum
567 5184 763 5260 delectatur
784 5185 944 5277 prolenis
966 5186 1090 5275 ‹lispu-
1138 5183 1245 5252 nibus
1261 5175 1402 5251 ethlt.
1417 5171 1462 5243 V·
1482 5173 1542 5242 det
1562 5170 1718 5258 sanatura
1739 5177 1773 5235 et
1795 5159 2122 5275 loelicemsenien-

6 5347 10 5378 ,
106 5291 316 5365 mtoottoc.
366 5289 437 5362 Sed
454 5286 533 5359 noo
554 5285 700 5360 iuvante
718 5309 902 5380 nunqnam
925 5286 1089 5356 abiiciarn
1137 5297 1207 5354 tem
1228 5303 1385 5363 annum,
1410 5285 1445 5346 et
1467 5283 1583 5344 servet
1598 5265 1690 5342 Cels.
1714 5274 1867 5336 vestram
1890 5259 2120 5364 incolumem,

106 5393 369 5478 invocationem
389 5389 454 5462 filii
469 5387 556 5477 Dei,
579 5411 646 5460 nec
667 5389 846 5462 discedm
861 5412 882 5460 s
896 5386 1093 5484 symbolis,
1136 5397 1173 5458 et
1185 5381 1373 5455 confirmet
1385 5375 1481 5448 sires
1495 5371 1635 5446 animae
1652 5363 1859 5472 etcorporis
1872 5356 2122 5444 &laecum
