<?xml version="1.0" encoding="UTF-8"?>
<!DOCTYPE html PUBLIC "-//W3C//DTD XHTML 1.0 Transitional//EN"
    "http://www.w3.org/TR/xhtml1/DTD/xhtml1-transitional.dtd">
<html xmlns="http://www.w3.org/1999/xhtml" xml:lang="en" lang="en">
 <head>
  <title>
</title>
<meta http-equiv="Content-Type" content="text/html;charset=utf-8" />
  <meta name='ocr-system' content='tesseract 3.04.00' />
  <meta name='ocr-capabilities' content='ocr_page ocr_carea ocr_par ocr_line ocrx_word'/>
</head>
<body>
  <div class='ocr_page' id='page_1' title='image "./corpusreformato22melagoog/corpusreformato22melagoog_0152.png"; bbox 0 0 4712 5828; ppageno 0'>
   <div class='ocr_carea' id='block_1_1' title="bbox 73 189 2118 278">
    <p class='ocr_par' dir='ltr' id='par_1_1' title="bbox 73 189 2118 278">
     <span class='ocr_line' id='line_1_1' title="bbox 73 189 2118 278; baseline 0.001 -3"><span class='ocrx_word' id='word_1_1' title='bbox 73 197 151 276; x_wconf 69' lang='lat'>24⁹</span> <span class='ocrx_word' id='word_1_2' title='bbox 650 189 1083 270; x_wconf 71' lang='lat' dir='ltr'><strong>EPISTULARUM</strong></span> <span class='ocrx_word' id='word_1_3' title='bbox 1134 193 1239 274; x_wconf 74' lang='lat' dir='ltr'>atti.</span> <span class='ocrx_word' id='word_1_4' title='bbox 1261 195 1360 277; x_wconf 82' lang='lat' dir='ltr'>xil.</span> <span class='ocrx_word' id='word_1_5' title='bbox 1415 197 1546 274; x_wconf 79' lang='lat' dir='ltr'>isat.</span> <span class='ocrx_word' id='word_1_6' title='bbox 2041 197 2118 278; x_wconf 75' lang='lat'>260</span> 
     </span>
    </p>
   </div>
   <div class='ocr_carea' id='block_1_2' title="bbox 76 359 2137 866">
    <p class='ocr_par' dir='ltr' id='par_1_2' title="bbox 76 359 2137 866">
     <span class='ocr_line' id='line_1_2' title="bbox 183 359 2117 466; baseline 0.003 -27"><span class='ocrx_word' id='word_1_7' title='bbox 183 365 229 443; x_wconf 90' lang='lat' dir='ltr'>In</span> <span class='ocrx_word' id='word_1_8' title='bbox 259 359 327 436; x_wconf 81' lang='lat' dir='ltr'>hec</span> <span class='ocrx_word' id='word_1_9' title='bbox 355 364 576 438; x_wconf 84' lang='lat' dir='ltr'>nobilissima</span> <span class='ocrx_word' id='word_1_10' title='bbox 604 365 740 438; x_wconf 79' lang='lat' dir='ltr'>familia</span> <span class='ocrx_word' id='word_1_11' title='bbox 766 380 870 440; x_wconf 81' lang='lat' dir='ltr'>natos</span> <span class='ocrx_word' id='word_1_12' title='bbox 898 380 950 438; x_wconf 89' lang='lat' dir='ltr'>est</span> <span class='ocrx_word' id='word_1_13' title='bbox 974 379 1073 460; x_wconf 89' lang='lat' dir='ltr'>petre</span> <span class='ocrx_word' id='word_1_14' title='bbox 1125 369 1372 448; x_wconf 84' lang='lat' dir='ltr'>consideravit.</span> <span class='ocrx_word' id='word_1_15' title='bbox 1403 366 1545 442; x_wconf 88' lang='lat' dir='ltr'>Etcum</span> <span class='ocrx_word' id='word_1_16' title='bbox 1559 371 1989 456; x_wconf 85' lang='lat' dir='ltr'>naturafacundusesset,</span> <span class='ocrx_word' id='word_1_17' title='bbox 2015 393 2117 466; x_wconf 89' lang='lat' dir='ltr'>saepe</span> 
     </span>
     <span class='ocr_line' id='line_1_3' title="bbox 76 463 2137 568; baseline 0 -24"><span class='ocrx_word' id='word_1_18' title='bbox 76 467 247 564; x_wconf 72' lang='lat' dir='ltr'>Principe</span> <span class='ocrx_word' id='word_1_19' title='bbox 260 463 434 554; x_wconf 77' lang='lat' dir='ltr'>Ernesto,</span> <span class='ocrx_word' id='word_1_20' title='bbox 458 481 619 549; x_wconf 84' lang='lat' dir='ltr'>etmatrc</span> <span class='ocrx_word' id='word_1_21' title='bbox 633 483 714 540; x_wconf 85' lang='lat' dir='ltr'>nata</span> <span class='ocrx_word' id='word_1_22' title='bbox 729 469 916 542; x_wconf 86' lang='lat' dir='ltr'>iniamilie</span> <span class='ocrx_word' id='word_1_23' title='bbox 931 466 1073 540; x_wconf 88' lang='lat' dir='ltr'>Ducum</span> <span class='ocrx_word' id='word_1_24' title='bbox 1126 469 1231 542; x_wconf 87' lang='lat' dir='ltr'>iussit</span> <span class='ocrx_word' id='word_1_25' title='bbox 1260 474 1335 543; x_wconf 88' lang='lat' dir='ltr'>eins</span> <span class='ocrx_word' id='word_1_26' title='bbox 1365 497 1449 542; x_wconf 90' lang='lat' dir='ltr'>voce</span> <span class='ocrx_word' id='word_1_27' title='bbox 1470 471 1669 544; x_wconf 88' lang='lat' dir='ltr'>Cardinalis</span> <span class='ocrx_word' id='word_1_28' title='bbox 1691 475 1820 566; x_wconf 84' lang='lat' dir='ltr'>exponi</span> <span class='ocrx_word' id='word_1_29' title='bbox 1844 497 1984 558; x_wconf 86' lang='lat' dir='ltr'>causas,</span> <span class='ocrx_word' id='word_1_30' title='bbox 2026 471 2137 568; x_wconf 49' lang='lat' dir='ltr'>quae*</span> 
     </span>
     <span class='ocr_line' id='line_1_4' title="bbox 79 565 2115 667; baseline -0.001 -19"><span class='ocrx_word' id='word_1_31' title='bbox 79 570 490 661; x_wconf 82' lang='lat' dir='ltr'>Mnnsterbergensiuni,</span> <span class='ocrx_word' id='word_1_32' title='bbox 522 569 693 662; x_wconf 76' lang='lat' dir='ltr'><strong>Princeps</strong></span> <span class='ocrx_word' id='word_1_33' title='bbox 711 565 907 666; x_wconf 76' lang='lat' dir='ltr'><strong><em>Georgius.</em></strong></span> <span class='ocrx_word' id='word_1_34' title='bbox 958 569 1075 642; x_wconf 87' lang='lat' dir='ltr'>Erant</span> <span class='ocrx_word' id='word_1_35' title='bbox 1126 587 1228 645; x_wconf 88' lang='lat' dir='ltr'>erent</span> <span class='ocrx_word' id='word_1_36' title='bbox 1259 575 1298 644; x_wconf 92' lang='lat' dir='ltr'>in</span> <span class='ocrx_word' id='word_1_37' title='bbox 1336 575 1592 646; x_wconf 83' lang='lat' dir='ltr'>deliberatione</span> <span class='ocrx_word' id='word_1_38' title='bbox 1632 589 1694 646; x_wconf 86' lang='lat' dir='ltr'>aut</span> <span class='ocrx_word' id='word_1_39' title='bbox 1732 577 1874 646; x_wconf 89' lang='lat' dir='ltr'>iudiciis</span> <span class='ocrx_word' id='word_1_40' title='bbox 1911 599 2115 667; x_wconf 88' lang='lat' dir='ltr'>proponen-</span> 
     </span>
     <span class='ocr_line' id='line_1_5' title="bbox 80 672 2116 769; baseline -0.001 -20"><span class='ocrx_word' id='word_1_41' title='bbox 80 689 199 750; x_wconf 82' lang='lat' dir='ltr'>suteni</span> <span class='ocrx_word' id='word_1_42' title='bbox 224 672 490 765; x_wconf 84' lang='lat' dir='ltr'>inperantibus</span> <span class='ocrx_word' id='word_1_43' title='bbox 511 699 592 744; x_wconf 90' lang='lat' dir='ltr'>cum</span> <span class='ocrx_word' id='word_1_44' title='bbox 615 675 705 744; x_wconf 87' lang='lat' dir='ltr'>aliae</span> <span class='ocrx_word' id='word_1_45' title='bbox 727 675 875 746; x_wconf 87' lang='lat' dir='ltr'>virtutes</span> <span class='ocrx_word' id='word_1_46' title='bbox 895 687 971 746; x_wconf 91' lang='lat' dir='ltr'>tum</span> <span class='ocrx_word' id='word_1_47' title='bbox 990 695 1073 742; x_wconf 91' lang='lat' dir='ltr'>vero</span> <span class='ocrx_word' id='word_1_48' title='bbox 1125 673 1202 749; x_wconf 87' lang='lat' dir='ltr'>dae.</span> <span class='ocrx_word' id='word_1_49' title='bbox 1253 673 1306 748; x_wconf 90' lang='lat' dir='ltr'>lta</span> <span class='ocrx_word' id='word_1_50' title='bbox 1327 691 1361 749; x_wconf 91' lang='lat' dir='ltr'>et</span> <span class='ocrx_word' id='word_1_51' title='bbox 1386 677 1562 748; x_wconf 90' lang='lat' dir='ltr'>industria</span> <span class='ocrx_word' id='word_1_52' title='bbox 1584 678 1777 769; x_wconf 76' lang='lat' dir='ltr'>augebatur</span> <span class='ocrx_word' id='word_1_53' title='bbox 1795 693 1829 749; x_wconf 88' lang='lat' dir='ltr'>et</span> <span class='ocrx_word' id='word_1_54' title='bbox 1843 677 2116 750; x_wconf 85' lang='lat' dir='ltr'>confirmabatur</span> 
     </span>
     <span class='ocr_line' id='line_1_6' title="bbox 78 774 1311 866; baseline -0.001 -18"><span class='ocrx_word' id='word_1_55' title='bbox 78 778 242 852; x_wconf 87' lang='lat' dir='ltr'>studium</span> <span class='ocrx_word' id='word_1_56' title='bbox 261 797 431 866; x_wconf 84' lang='lat' dir='ltr'>magnum</span> <span class='ocrx_word' id='word_1_57' title='bbox 451 777 712 866; x_wconf 85' lang='lat' dir='ltr'>cognoscendae</span> <span class='ocrx_word' id='word_1_58' title='bbox 734 777 916 848; x_wconf 90' lang='lat' dir='ltr'>doctrinae</span> <span class='ocrx_word' id='word_1_59' title='bbox 939 777 983 844; x_wconf 90' lang='lat' dir='ltr'>de</span> <span class='ocrx_word' id='word_1_60' title='bbox 999 774 1072 846; x_wconf 89' lang='lat' dir='ltr'>Deo</span> <span class='ocrx_word' id='word_1_61' title='bbox 1126 776 1311 853; x_wconf 91' lang='lat' dir='ltr'>iudicium.</span> 
     </span>
    </p>
   </div>
   <div class='ocr_carea' id='block_1_3' title="bbox 78 873 1074 969">
    <p class='ocr_par' dir='ltr' id='par_1_3' title="bbox 78 873 1074 969">
     <span class='ocr_line' id='line_1_7' title="bbox 78 873 1074 969; baseline -0.008 -17"><span class='ocrx_word' id='word_1_62' title='bbox 78 895 118 952; x_wconf 81' lang='lat' dir='ltr'>et</span> <span class='ocrx_word' id='word_1_63' title='bbox 138 903 223 952; x_wconf 84' lang='lat' dir='ltr'>vera</span> <span class='ocrx_word' id='word_1_64' title='bbox 246 878 424 948; x_wconf 75' lang='lat' dir='ltr'>invocatio</span> <span class='ocrx_word' id='word_1_65' title='bbox 444 873 524 952; x_wconf 86' lang='lat' dir='ltr'>Dei.</span> <span class='ocrx_word' id='word_1_66' title='bbox 575 875 696 966; x_wconf 84' lang='lat' dir='ltr'>Quare</span> <span class='ocrx_word' id='word_1_67' title='bbox 716 891 752 948; x_wconf 89' lang='lat' dir='ltr'>ct</span> <span class='ocrx_word' id='word_1_68' title='bbox 772 879 863 948; x_wconf 84' lang='lat' dir='ltr'>lilios</span> <span class='ocrx_word' id='word_1_69' title='bbox 886 877 955 969; x_wconf 92' lang='lat' dir='ltr'>ipsi</span> <span class='ocrx_word' id='word_1_70' title='bbox 976 876 1074 946; x_wconf 90' lang='lat' dir='ltr'>domi</span> 
     </span>
    </p>
   </div>
   <div class='ocr_carea' id='block_1_4' title="bbox 78 923 2115 1072">
    <p class='ocr_par' dir='ltr' id='par_1_4' title="bbox 78 923 2115 1072">
     <span class='ocr_line' id='line_1_8' title="bbox 78 923 2115 1072; baseline 0.001 -74"><span class='ocrx_word' id='word_1_71' title='bbox 78 985 127 1054; x_wconf 48' lang='lat' dir='ltr'>ad</span> <span class='ocrx_word' id='word_1_72' title='bbox 145 981 364 1072; x_wconf 49' lang='lat' dir='ltr'>agnitionem</span> <span class='ocrx_word' id='word_1_73' title='bbox 380 977 448 1048; x_wconf 62' lang='lat' dir='ltr'>Dei</span> <span class='ocrx_word' id='word_1_74' title='bbox 465 991 499 1050; x_wconf 58' lang='lat' dir='ltr'>et</span> <span class='ocrx_word' id='word_1_75' title='bbox 515 981 561 1050; x_wconf 52' lang='lat' dir='ltr'>ad</span> <span class='ocrx_word' id='word_1_76' title='bbox 575 980 694 1050; x_wconf 61' lang='lat' dir='ltr'><strong>omnia</strong></span> <span class='ocrx_word' id='word_1_77' title='bbox 710 975 856 1050; x_wconf 53' lang='lat' dir='ltr'>honesta</span> <span class='ocrx_word' id='word_1_78' title='bbox 878 979 993 1048; x_wconf 59' lang='lat' dir='ltr'>officia</span> <span class='ocrx_word' id='word_1_79' title='bbox 1011 980 1075 1048; x_wconf 46' lang='lat' dir='ltr'>ad·</span> <span class='ocrx_word' id='word_1_80' title='bbox 1229 925 1305 1000; x_wconf 89' lang='lat' dir='ltr'>Iam</span> <span class='ocrx_word' id='word_1_81' title='bbox 1331 943 1447 999; x_wconf 92' lang='lat' dir='ltr'>autem</span> <span class='ocrx_word' id='word_1_82' title='bbox 1471 927 1660 1000; x_wconf 89' lang='lat' dir='ltr'>certamina</span> <span class='ocrx_word' id='word_1_83' title='bbox 1687 930 1731 1000; x_wconf 89' lang='lat' dir='ltr'>de</span> <span class='ocrx_word' id='word_1_84' title='bbox 1753 928 1914 1000; x_wconf 89' lang='lat' dir='ltr'>doctrina</span> <span class='ocrx_word' id='word_1_85' title='bbox 1939 923 2115 1001; x_wconf 81' lang='lat' dir='ltr'>Ecclesiae</span> 
     </span>
    </p>
   </div>
   <div class='ocr_carea' id='block_1_5' title="bbox 78 1025 2115 1175">
    <p class='ocr_par' dir='ltr' id='par_1_5' title="bbox 78 1025 2115 1175">
     <span class='ocr_line' id='line_1_9' title="bbox 78 1025 2115 1175; baseline -0.018 -20"><span class='ocrx_word' id='word_1_86' title='bbox 78 1086 323 1165; x_wconf 83' lang='lat' dir='ltr'>sueleccrunt,</span> <span class='ocrx_word' id='word_1_87' title='bbox 354 1093 390 1152; x_wconf 91' lang='lat' dir='ltr'>et</span> <span class='ocrx_word' id='word_1_88' title='bbox 404 1082 565 1152; x_wconf 89' lang='lat' dir='ltr'>doctores</span> <span class='ocrx_word' id='word_1_89' title='bbox 585 1081 636 1150; x_wconf 86' lang='lat' dir='ltr'>eis</span> <span class='ocrx_word' id='word_1_90' title='bbox 651 1082 798 1152; x_wconf 91' lang='lat' dir='ltr'>idoneos</span> <span class='ocrx_word' id='word_1_91' title='bbox 812 1081 1073 1175; x_wconf 89' lang='lat' dir='ltr'>quaesiverunt.</span> <span class='ocrx_word' id='word_1_92' title='bbox 1127 1041 1221 1100; x_wconf 58' lang='lat' dir='ltr'>mm</span> <span class='ocrx_word' id='word_1_93' title='bbox 1239 1045 1358 1116; x_wconf 60' lang='lat'>‘¹³⁰²’</span> <span class='ocrx_word' id='word_1_94' title='bbox 1387 1044 1422 1101; x_wconf 59' lang='lat'>⁶²</span> <span class='ocrx_word' id='word_1_95' title='bbox 1437 1025 1622 1112; x_wconf 58' lang='lat' dir='ltr'><em>Tmuus’</em></span> <span class='ocrx_word' id='word_1_96' title='bbox 1649 1033 1710 1126; x_wconf 59' lang='lat'>‘1¹¹5</span> <span class='ocrx_word' id='word_1_97' title='bbox 1730 1031 1871 1101; x_wconf 55' lang='lat' dir='ltr'>“unffi</span> <span class='ocrx_word' id='word_1_98' title='bbox 1892 1031 2115 1124; x_wconf 58' lang='lat' dir='ltr'>impudentia</span> 
     </span>
    </p>
   </div>
   <div class='ocr_carea' id='block_1_6' title="bbox 79 1131 2116 1428">
    <p class='ocr_par' dir='ltr' id='par_1_6' title="bbox 79 1131 2116 1428">
     <span class='ocr_line' id='line_1_10' title="bbox 79 1131 2116 1276; baseline -0.003 -18"><span class='ocrx_word' id='word_1_99' title='bbox 79 1183 172 1258; x_wconf 89' lang='lat' dir='ltr'>Erat</span> <span class='ocrx_word' id='word_1_100' title='bbox 191 1198 277 1256; x_wconf 88' lang='lat' dir='ltr'>tnnc</span> <span class='ocrx_word' id='word_1_101' title='bbox 300 1181 340 1252; x_wconf 90' lang='lat' dir='ltr'>in</span> <span class='ocrx_word' id='word_1_102' title='bbox 362 1181 493 1276; x_wconf 86' lang='lat' dir='ltr'>inclyta</span> <span class='ocrx_word' id='word_1_103' title='bbox 517 1178 706 1254; x_wconf 79' lang='lat' dir='ltr'>Academia</span> <span class='ocrx_word' id='word_1_104' title='bbox 727 1183 868 1275; x_wconf 89' lang='lat' dir='ltr'>Lipsica</span> <span class='ocrx_word' id='word_1_105' title='bbox 890 1175 1074 1275; x_wconf 75' lang='lat' dir='ltr'>Georgius</span> <span class='ocrx_word' id='word_1_106' title='bbox 1125 1131 1267 1250; x_wconf 53' lang='lat' dir='ltr'>vinam</span> <span class='ocrx_word' id='word_1_107' title='bbox 1289 1133 1528 1250; x_wconf 47' lang='lat' dir='ltr'>jidulgenihs</span> <span class='ocrx_word' id='word_1_108' title='bbox 1551 1131 1753 1252; x_wconf 52' lang='lat' dir='ltr'>pmiifficias</span> <span class='ocrx_word' id='word_1_109' title='bbox 1773 1133 2055 1252; x_wconf 54' lang='lat' dir='ltr'>circumuistm&#39;</span> <span class='ocrx_word' id='word_1_110' title='bbox 2080 1147 2116 1252; x_wconf 57' lang='lat' dir='ltr'>it</span> 
     </span>
     <span class='ocr_line' id='line_1_11' title="bbox 79 1229 2114 1372; baseline -0.002 -14"><span class='ocrx_word' id='word_1_111' title='bbox 79 1282 218 1358; x_wconf 75' lang='lat' dir='ltr'>Hellen</span> <span class='ocrx_word' id='word_1_112' title='bbox 228 1279 481 1369; x_wconf 60' lang='lat' dir='ltr'>&#39;Forchemiun</span> <span class='ocrx_word' id='word_1_113' title='bbox 507 1285 607 1354; x_wconf 90' lang='lat' dir='ltr'>cuius</span> <span class='ocrx_word' id='word_1_114' title='bbox 623 1285 692 1358; x_wconf 82' lang='lat' dir='ltr'>luit</span> <span class='ocrx_word' id='word_1_115' title='bbox 705 1285 744 1354; x_wconf 92' lang='lat' dir='ltr'>in</span> <span class='ocrx_word' id='word_1_116' title='bbox 760 1285 958 1355; x_wconf 83' lang='lat' dir='ltr'>formandis</span> <span class='ocrx_word' id='word_1_117' title='bbox 975 1285 1075 1372; x_wconf 90' lang='lat' dir='ltr'>inge·</span> <span class='ocrx_word' id='word_1_118' title='bbox 1126 1257 1201 1352; x_wconf 49' lang='lat'>⁰¹9⁵</span> <span class='ocrx_word' id='word_1_119' title='bbox 1214 1231 1523 1354; x_wconf 39' lang='lat' dir='ltr'>sitelh&#39;eissoems</span> <span class='ocrx_word' id='word_1_120' title='bbox 1538 1247 1572 1304; x_wconf 52' lang='lat' dir='ltr'>et</span> <span class='ocrx_word' id='word_1_121' title='bbox 1586 1229 1857 1354; x_wconf 48' lang='lat' dir='ltr'>ihhi‘mh‘mm</span> <span class='ocrx_word' id='word_1_122' title='bbox 1873 1235 2012 1304; x_wconf 63' lang='lat' dir='ltr'>³⁸⁵¹d⁰²</span> <span class='ocrx_word' id='word_1_123' title='bbox 2028 1256 2114 1354; x_wconf 42' lang='grc' dir='ltr'><strong>ψ</strong></span> 
     </span>
     <span class='ocr_line' id='line_1_12' title="bbox 1126 1335 2114 1428; baseline -0.002 -22"><span class='ocrx_word' id='word_1_124' title='bbox 1126 1349 1195 1428; x_wconf 88' lang='lat' dir='ltr'>ptis</span> <span class='ocrx_word' id='word_1_125' title='bbox 1220 1348 1254 1406; x_wconf 90' lang='lat' dir='ltr'>et</span> <span class='ocrx_word' id='word_1_126' title='bbox 1270 1337 1481 1406; x_wconf 73' lang='lat' dir='ltr'>fulminibus</span> <span class='ocrx_word' id='word_1_127' title='bbox 1498 1335 1693 1408; x_wconf 88' lang='lat' dir='ltr'>Pontificiis</span> <span class='ocrx_word' id='word_1_128' title='bbox 1710 1337 1880 1426; x_wconf 81' lang='lat' dir='ltr'>cogebant</span> <span class='ocrx_word' id='word_1_129' title='bbox 1895 1337 1939 1404; x_wconf 90' lang='lat' dir='ltr'>de</span> <span class='ocrx_word' id='word_1_130' title='bbox 1955 1335 2114 1406; x_wconf 86' lang='lat' dir='ltr'>lontibus</span> 
     </span>
    </p>
   </div>
   <div class='ocr_carea' id='block_1_7' title="bbox 77 1385 2115 1982">
    <p class='ocr_par' dir='ltr' id='par_1_7' title="bbox 77 1385 2115 1982">
     <span class='ocr_line' id='line_1_13' title="bbox 77 1385 2114 1510; baseline 0 -4"><span class='ocrx_word' id='word_1_131' title='bbox 77 1389 154 1506; x_wconf 47' lang='grc' dir='ltr'>ῃὶξε</span> <span class='ocrx_word' id='word_1_132' title='bbox 177 1387 265 1457; x_wconf 51' lang='lat' dir='ltr'>fida</span> <span class='ocrx_word' id='word_1_133' title='bbox 283 1397 317 1458; x_wconf 49' lang='grc' dir='ltr'><strong>ά</strong></span> <span class='ocrx_word' id='word_1_134' title='bbox 336 1385 509 1504; x_wconf 54' lang='lat' dir='ltr'>f⁰f¹i⁰ii⁰⁸</span> <span class='ocrx_word' id='word_1_135' title='bbox 531 1385 677 1504; x_wconf 60' lang='lat' dir='ltr'>“iniia’</span> <span class='ocrx_word' id='word_1_136' title='bbox 701 1399 736 1457; x_wconf 50' lang='grc' dir='ltr'>Εἰ</span> <span class='ocrx_word' id='word_1_137' title='bbox 753 1385 1074 1506; x_wconf 42' lang='lat' dir='ltr'>laidabimrinii&#39;</span> <span class='ocrx_word' id='word_1_138' title='bbox 1126 1437 1307 1507; x_wconf 90' lang='lat' dir='ltr'>doctrinae</span> <span class='ocrx_word' id='word_1_139' title='bbox 1330 1433 1541 1510; x_wconf 86' lang='lat' dir='ltr'>christianae</span> <span class='ocrx_word' id='word_1_140' title='bbox 1565 1438 1675 1508; x_wconf 87' lang='lat' dir='ltr'>multa</span> <span class='ocrx_word' id='word_1_141' title='bbox 1701 1438 1828 1510; x_wconf 88' lang='lat' dir='ltr'>dicere.</span> <span class='ocrx_word' id='word_1_142' title='bbox 1878 1431 1927 1508; x_wconf 89' lang='lat' dir='ltr'>Et</span> <span class='ocrx_word' id='word_1_143' title='bbox 1949 1437 2114 1507; x_wconf 81' lang='lat' dir='ltr'>extabant</span> 
     </span>
     <span class='ocr_line' id='line_1_14' title="bbox 79 1487 2115 1660; baseline 0.001 -54"><span class='ocrx_word' id='word_1_144' title='bbox 79 1505 198 1606; x_wconf 55' lang='lat' dir='ltr'>gumi.</span> <span class='ocrx_word' id='word_1_145' title='bbox 219 1499 437 1658; x_wconf 42' lang='lat' dir='ltr'>“fugin</span> <span class='ocrx_word' id='word_1_146' title='bbox 463 1510 503 1556; x_wconf 75' lang='lat'>¹¹¹</span> <span class='ocrx_word' id='word_1_147' title='bbox 524 1488 696 1658; x_wconf 49' lang='grc' dir='ltr'>’ὃοῃῦυῶ</span> <span class='ocrx_word' id='word_1_148' title='bbox 722 1585 730 1604; x_wconf 92' lang='grc'><strong><em>.</em></strong></span> <span class='ocrx_word' id='word_1_149' title='bbox 761 1487 831 1558; x_wconf 60' lang='lat' dir='ltr'>Hm</span> <span class='ocrx_word' id='word_1_150' title='bbox 851 1513 947 1660; x_wconf 59' lang='lat' dir='ltr'>‘Cmm</span> <span class='ocrx_word' id='word_1_151' title='bbox 969 1501 1073 1556; x_wconf 65' lang='lat' dir='ltr'>”mm</span> <span class='ocrx_word' id='word_1_152' title='bbox 1126 1537 1196 1608; x_wconf 90' lang='lat' dir='ltr'>iam</span> <span class='ocrx_word' id='word_1_153' title='bbox 1217 1533 1368 1610; x_wconf 89' lang='lat' dir='ltr'>Lutheri</span> <span class='ocrx_word' id='word_1_154' title='bbox 1391 1540 1639 1632; x_wconf 87' lang='lat' dir='ltr'>explicationes</span> <span class='ocrx_word' id='word_1_155' title='bbox 1670 1539 1714 1608; x_wconf 89' lang='lat' dir='ltr'>de</span> <span class='ocrx_word' id='word_1_156' title='bbox 1741 1537 1946 1608; x_wconf 89' lang='lat' dir='ltr'>discrimine</span> <span class='ocrx_word' id='word_1_157' title='bbox 1969 1538 2056 1629; x_wconf 89' lang='lat' dir='ltr'>legis</span> <span class='ocrx_word' id='word_1_158' title='bbox 2079 1551 2115 1608; x_wconf 86' lang='lat' dir='ltr'>et</span> 
     </span>
     <span class='ocr_line' id='line_1_15' title="bbox 77 1592 2113 1766; baseline 0 -58"><span class='ocrx_word' id='word_1_159' title='bbox 77 1592 218 1766; x_wconf 55' lang='lat' dir='ltr'>gufflit</span> <span class='ocrx_word' id='word_1_160' title='bbox 281 1611 491 1761; x_wconf 54' lang='lat' dir='ltr'>‘&#39;act‘&#39;&#39;ii‘m</span> <span class='ocrx_word' id='word_1_161' title='bbox 565 1611 810 1708; x_wconf 59' lang='lat' dir='ltr'>‘iwanum’</span> <span class='ocrx_word' id='word_1_162' title='bbox 893 1611 1072 1760; x_wconf 49' lang='lat' dir='ltr'>“sparum</span> <span class='ocrx_word' id='word_1_163' title='bbox 1124 1635 1329 1732; x_wconf 82' lang='lat' dir='ltr'>Evangelii,</span> <span class='ocrx_word' id='word_1_164' title='bbox 1355 1643 1495 1711; x_wconf 89' lang='lat' dir='ltr'>devera</span> <span class='ocrx_word' id='word_1_165' title='bbox 1511 1619 1738 1732; x_wconf 76' lang='lat' dir='ltr'>poenitentia,</span> <span class='ocrx_word' id='word_1_166' title='bbox 1762 1641 1806 1710; x_wconf 88' lang='lat' dir='ltr'>de</span> <span class='ocrx_word' id='word_1_167' title='bbox 1823 1639 1947 1730; x_wconf 90' lang='lat' dir='ltr'>gratia,</span> <span class='ocrx_word' id='word_1_168' title='bbox 1972 1639 2113 1726; x_wconf 85' lang='lat' dir='ltr'>defide,</span> 
     </span>
     <span class='ocr_line' id='line_1_16' title="bbox 114 1703 2114 1864; baseline 0 -54"><span class='ocrx_word' id='word_1_169' title='bbox 114 1713 359 1864; x_wconf 44' lang='lat' dir='ltr'>muffsscml‘</span> <span class='ocrx_word' id='word_1_170' title='bbox 372 1715 414 1809; x_wconf 54' lang='grc' dir='ltr'>,ὃ</span> <span class='ocrx_word' id='word_1_171' title='bbox 432 1714 502 1809; x_wconf 73' lang='lat'>¹⁰⁸?</span> <span class='ocrx_word' id='word_1_172' title='bbox 527 1716 589 1786; x_wconf 70' lang='lat'>‘¹⁰¹</span> <span class='ocrx_word' id='word_1_173' title='bbox 604 1703 727 1808; x_wconf 56' lang='lat' dir='ltr'>lma.</span> <span class='ocrx_word' id='word_1_174' title='bbox 738 1703 963 1810; x_wconf 49' lang='lat' dir='ltr'>pmpstffm</span> <span class='ocrx_word' id='word_1_175' title='bbox 992 1705 1071 1809; x_wconf 47' lang='grc' dir='ltr'>ΙΨ</span> <span class='ocrx_word' id='word_1_176' title='bbox 1125 1743 1169 1812; x_wconf 94' lang='lat' dir='ltr'>de</span> <span class='ocrx_word' id='word_1_177' title='bbox 1191 1766 1272 1812; x_wconf 89' lang='lat' dir='ltr'>vera</span> <span class='ocrx_word' id='word_1_178' title='bbox 1296 1743 1538 1828; x_wconf 90' lang='lat' dir='ltr'>invocatione,</span> <span class='ocrx_word' id='word_1_179' title='bbox 1564 1743 1607 1812; x_wconf 89' lang='lat' dir='ltr'>de</span> <span class='ocrx_word' id='word_1_180' title='bbox 1629 1766 1696 1814; x_wconf 91' lang='lat' dir='ltr'>usu</span> <span class='ocrx_word' id='word_1_181' title='bbox 1717 1740 2043 1828; x_wconf 88' lang='lat' dir='ltr'>Sacramentornm,</span> <span class='ocrx_word' id='word_1_182' title='bbox 2068 1739 2114 1810; x_wconf 92' lang='lat' dir='ltr'>de</span> 
     </span>
     <span class='ocr_line' id='line_1_17' title="bbox 79 1793 2112 1914; baseline -0.003 -48"><span class='ocrx_word' id='word_1_183' title='bbox 79 1819 166 1866; x_wconf 66' lang='lat' dir='ltr'>nn</span> <span class='ocrx_word' id='word_1_184' title='bbox 190 1817 230 1862; x_wconf 93' lang='lat' dir='ltr'>in</span> <span class='ocrx_word' id='word_1_185' title='bbox 300 1815 404 1862; x_wconf 79' lang='lat' dir='ltr'>ceeia</span> <span class='ocrx_word' id='word_1_186' title='bbox 425 1805 459 1862; x_wconf 90' lang='lat' dir='ltr'>et</span> <span class='ocrx_word' id='word_1_187' title='bbox 481 1817 520 1862; x_wconf 88' lang='lat' dir='ltr'>in</span> <span class='ocrx_word' id='word_1_188' title='bbox 542 1793 798 1884; x_wconf 73' lang='lat' dir='ltr'>gubernatione</span> <span class='ocrx_word' id='word_1_189' title='bbox 820 1794 955 1864; x_wconf 88' lang='lat' dir='ltr'>utiliter</span> <span class='ocrx_word' id='word_1_190' title='bbox 980 1807 1072 1862; x_wconf 89' lang='lat' dir='ltr'>vitae</span> <span class='ocrx_word' id='word_1_191' title='bbox 1125 1843 1281 1913; x_wconf 50' lang='grc' dir='ltr'>(Μαι.</span> <span class='ocrx_word' id='word_1_192' title='bbox 1350 1845 1381 1912; x_wconf 62' lang='lat' dir='ltr'>le</span> <span class='ocrx_word' id='word_1_193' title='bbox 1495 1843 1530 1914; x_wconf 73' lang='lat' dir='ltr'>d.</span> <span class='ocrx_word' id='word_1_194' title='bbox 1559 1843 1593 1911; x_wconf 73' lang='lat' dir='ltr'>‚n</span> <span class='ocrx_word' id='word_1_195' title='bbox 1722 1855 1756 1912; x_wconf 51' lang='lat' dir='ltr'>et</span> <span class='ocrx_word' id='word_1_196' title='bbox 1777 1837 2014 1914; x_wconf 59' lang='lat' dir='ltr'><strong>humanarum</strong></span> <span class='ocrx_word' id='word_1_197' title='bbox 2067 1843 2112 1912; x_wconf 61' lang='lat' dir='ltr'>de</span> 
     </span>
     <span class='ocr_line' id='line_1_18' title="bbox 78 1867 2034 1982; baseline -0.001 -14"><span class='ocrx_word' id='word_1_198' title='bbox 78 1894 266 1968; x_wconf 88' lang='lat' dir='ltr'>communi</span> <span class='ocrx_word' id='word_1_199' title='bbox 293 1893 503 1967; x_wconf 88' lang='lat' dir='ltr'>servierunt.</span> <span class='ocrx_word' id='word_1_200' title='bbox 568 1891 663 1964; x_wconf 89' lang='lat' dir='ltr'>Huic</span> <span class='ocrx_word' id='word_1_201' title='bbox 687 1892 842 1982; x_wconf 90' lang='lat' dir='ltr'>Georgio</span> <span class='ocrx_word' id='word_1_202' title='bbox 861 1888 1071 1964; x_wconf 82' lang='lat' dir='ltr'>Forchemio</span> <span class='ocrx_word' id='word_1_203' title='bbox 1151 1871 1161 1911; x_wconf 84' lang='lat'>¹</span> <span class='ocrx_word' id='word_1_204' title='bbox 1272 1869 1329 1914; x_wconf 71' lang='lat'><strong>¹¹¹⁰</strong></span> <span class='ocrx_word' id='word_1_205' title='bbox 1384 1867 1466 1934; x_wconf 66' lang='lat' dir='ltr'>gum</span> <span class='ocrx_word' id='word_1_206' title='bbox 1521 1871 1568 1912; x_wconf 59' lang='grc' dir='ltr'>Νι</span> <span class='ocrx_word' id='word_1_207' title='bbox 1597 1869 1697 1914; x_wconf 61' lang='lat' dir='ltr'>amm</span> <span class='ocrx_word' id='word_1_208' title='bbox 2024 1895 2034 1928; x_wconf 91' lang='lat'>’</span> 
     </span>
    </p>
   </div>
   <div class='ocr_carea' id='block_1_8' title="bbox 78 1941 2112 2087">
    <p class='ocr_par' dir='ltr' id='par_1_8' title="bbox 78 1941 2112 2087">
     <span class='ocr_line' id='line_1_19' title="bbox 78 1941 2112 2087; baseline -0.017 -41"><span class='ocrx_word' id='word_1_209' title='bbox 78 1997 348 2070; x_wconf 59' lang='lat' dir='ltr'>mmmgndgm,</span> <span class='ocrx_word' id='word_1_210' title='bbox 379 2006 431 2066; x_wconf 56' lang='lat' dir='ltr'>eg,</span> <span class='ocrx_word' id='word_1_211' title='bbox 465 1995 667 2066; x_wconf 53' lang='lat' dir='ltr'>„doleseena</span> <span class='ocrx_word' id='word_1_212' title='bbox 701 1994 869 2087; x_wconf 54' lang='lat' dir='ltr'>princeps</span> <span class='ocrx_word' id='word_1_213' title='bbox 896 1993 1072 2084; x_wconf 57' lang='lat' dir='ltr'>Georgius</span> <span class='ocrx_word' id='word_1_214' title='bbox 1125 1945 1327 2015; x_wconf 88' lang='lat' dir='ltr'>discrimine</span> <span class='ocrx_word' id='word_1_215' title='bbox 1347 1945 1536 2017; x_wconf 90' lang='lat' dir='ltr'>ministerii</span> <span class='ocrx_word' id='word_1_216' title='bbox 1558 1941 1745 2035; x_wconf 86' lang='lat' dir='ltr'>Evangelii</span> <span class='ocrx_word' id='word_1_217' title='bbox 1769 1960 1802 2016; x_wconf 89' lang='lat' dir='ltr'>et</span> <span class='ocrx_word' id='word_1_218' title='bbox 1825 1943 1988 2036; x_wconf 89' lang='lat' dir='ltr'>politicae</span> <span class='ocrx_word' id='word_1_219' title='bbox 2012 1955 2112 2036; x_wconf 89' lang='lat' dir='ltr'>potc-</span> 
     </span>
    </p>
   </div>
   <div class='ocr_carea' id='block_1_9' title="bbox 78 2094 1072 2392">
    <p class='ocr_par' dir='ltr' id='par_1_9' title="bbox 78 2094 1072 2392">
     <span class='ocr_line' id='line_1_20' title="bbox 79 2094 1072 2190; baseline -0.006 -20"><span class='ocrx_word' id='word_1_220' title='bbox 79 2094 320 2181; x_wconf 87' lang='lat' dir='ltr'>Anhaltinns,</span> <span class='ocrx_word' id='word_1_221' title='bbox 352 2097 447 2188; x_wconf 89' lang='lat' dir='ltr'>apnd</span> <span class='ocrx_word' id='word_1_222' title='bbox 470 2120 574 2190; x_wconf 88' lang='lat' dir='ltr'>quem</span> <span class='ocrx_word' id='word_1_223' title='bbox 597 2121 678 2168; x_wconf 90' lang='lat' dir='ltr'>cum</span> <span class='ocrx_word' id='word_1_224' title='bbox 697 2109 926 2168; x_wconf 87' lang='lat' dir='ltr'>naturaesset</span> <span class='ocrx_word' id='word_1_225' title='bbox 939 2095 1072 2166; x_wconf 92' lang='lat' dir='ltr'>doctri-</span> 
     </span>
     <span class='ocr_line' id='line_1_21' title="bbox 78 2196 1071 2288; baseline -0.005 -17"><span class='ocrx_word' id='word_1_226' title='bbox 78 2225 149 2271; x_wconf 85' lang='lat' dir='ltr'>nae</span> <span class='ocrx_word' id='word_1_227' title='bbox 170 2199 277 2270; x_wconf 82' lang='lat' dir='ltr'>avids</span> <span class='ocrx_word' id='word_1_228' title='bbox 299 2211 335 2270; x_wconf 88' lang='lat' dir='ltr'>et</span> <span class='ocrx_word' id='word_1_229' title='bbox 352 2221 482 2288; x_wconf 83' lang='lat' dir='ltr'>capax,</span> <span class='ocrx_word' id='word_1_230' title='bbox 512 2199 674 2268; x_wconf 85' lang='lat' dir='ltr'>celeriter</span> <span class='ocrx_word' id='word_1_231' title='bbox 693 2196 975 2284; x_wconf 86' lang='lat' dir='ltr'>Grammaticen,</span> <span class='ocrx_word' id='word_1_232' title='bbox 1001 2197 1071 2266; x_wconf 91' lang='lat' dir='ltr'>lin-</span> 
     </span>
     <span class='ocr_line' id='line_1_22' title="bbox 78 2295 1072 2392; baseline -0.004 -20"><span class='ocrx_word' id='word_1_233' title='bbox 78 2324 187 2392; x_wconf 86' lang='lat' dir='ltr'>gnam</span> <span class='ocrx_word' id='word_1_234' title='bbox 202 2301 368 2382; x_wconf 79' lang='lat' dir='ltr'>latinam,</span> <span class='ocrx_word' id='word_1_235' title='bbox 392 2297 607 2370; x_wconf 85' lang='lat' dir='ltr'>Dialecticen</span> <span class='ocrx_word' id='word_1_236' title='bbox 622 2313 657 2370; x_wconf 91' lang='lat' dir='ltr'>et</span> <span class='ocrx_word' id='word_1_237' title='bbox 671 2295 878 2370; x_wconf 85' lang='lat' dir='ltr'>Catechcsin</span> <span class='ocrx_word' id='word_1_238' title='bbox 891 2298 1072 2370; x_wconf 91' lang='lat' dir='ltr'>doctrinae</span> 
     </span>
    </p>
   </div>
   <div class='ocr_carea' id='block_1_10' title="bbox 1124 2045 2113 2320">
    <p class='ocr_par' dir='ltr' id='par_1_10' title="bbox 1124 2045 2113 2320">
     <span class='ocr_line' id='line_1_23' title="bbox 1125 2045 2113 2140; baseline -0.003 -24"><span class='ocrx_word' id='word_1_239' title='bbox 1125 2047 1234 2122; x_wconf 89' lang='lat' dir='ltr'>statis.</span> <span class='ocrx_word' id='word_1_240' title='bbox 1277 2045 1372 2118; x_wconf 87' lang='lat' dir='ltr'>Haec</span> <span class='ocrx_word' id='word_1_241' title='bbox 1387 2048 1516 2140; x_wconf 91' lang='lat' dir='ltr'>scripta</span> <span class='ocrx_word' id='word_1_242' title='bbox 1530 2061 1630 2120; x_wconf 92' lang='lat' dir='ltr'>erant</span> <span class='ocrx_word' id='word_1_243' title='bbox 1644 2047 1680 2114; x_wconf 91' lang='lat' dir='ltr'>iii</span> <span class='ocrx_word' id='word_1_244' title='bbox 1697 2047 1862 2116; x_wconf 92' lang='lat' dir='ltr'>manibus</span> <span class='ocrx_word' id='word_1_245' title='bbox 1877 2046 2062 2116; x_wconf 85' lang='lat' dir='ltr'>doctorum</span> <span class='ocrx_word' id='word_1_246' title='bbox 2078 2054 2113 2113; x_wconf 86' lang='lat' dir='ltr'>et</span> 
     </span>
     <span class='ocr_line' id='line_1_24' title="bbox 1125 2145 2113 2241; baseline -0.002 -25"><span class='ocrx_word' id='word_1_247' title='bbox 1125 2149 1363 2236; x_wconf 90' lang='lat' dir='ltr'>indoctorum,</span> <span class='ocrx_word' id='word_1_248' title='bbox 1388 2173 1427 2219; x_wconf 90' lang='lat' dir='ltr'>ac</span> <span class='ocrx_word' id='word_1_249' title='bbox 1442 2147 1556 2220; x_wconf 87' lang='lat' dir='ltr'>studia</span> <span class='ocrx_word' id='word_1_250' title='bbox 1573 2149 1864 2234; x_wconf 86' lang='lat' dir='ltr'>accendebantur,</span> <span class='ocrx_word' id='word_1_251' title='bbox 1891 2145 1974 2241; x_wconf 90' lang='lat' dir='ltr'>quia</span> <span class='ocrx_word' id='word_1_252' title='bbox 1991 2167 2113 2238; x_wconf 89' lang='lat' dir='ltr'>super-</span> 
     </span>
     <span class='ocr_line' id='line_1_25' title="bbox 1124 2245 2112 2320; baseline -0.006 0"><span class='ocrx_word' id='word_1_253' title='bbox 1124 2249 1253 2320; x_wconf 90' lang='lat' dir='ltr'>stitiosi</span> <span class='ocrx_word' id='word_1_254' title='bbox 1269 2248 1431 2320; x_wconf 88' lang='lat' dir='ltr'>Canoncs</span> <span class='ocrx_word' id='word_1_255' title='bbox 1453 2251 1515 2320; x_wconf 92' lang='lat' dir='ltr'>diu</span> <span class='ocrx_word' id='word_1_256' title='bbox 1530 2249 1671 2320; x_wconf 83' lang='lat' dir='ltr'>suerent</span> <span class='ocrx_word' id='word_1_257' title='bbox 1685 2248 1979 2319; x_wconf 87' lang='lat' dir='ltr'>conscientiarum</span> <span class='ocrx_word' id='word_1_258' title='bbox 1995 2245 2112 2318; x_wconf 91' lang='lat' dir='ltr'>carni-</span> 
     </span>
    </p>
   </div>
   <div class='ocr_carea' id='block_1_11' title="bbox 1044 2343 2113 2648">
    <p class='ocr_par' dir='ltr' id='par_1_11' title="bbox 1044 2343 2113 2648">
     <span class='ocr_line' id='line_1_26' title="bbox 1044 2343 2113 2440; baseline 0.001 -24"><span class='ocrx_word' id='word_1_259' title='bbox 1044 2399 1053 2416; x_wconf 94' lang='lat'>.</span> <span class='ocrx_word' id='word_1_260' title='bbox 1124 2351 1245 2438; x_wconf 83' lang='lat' dir='ltr'>licina,</span> <span class='ocrx_word' id='word_1_261' title='bbox 1278 2365 1312 2421; x_wconf 88' lang='lat' dir='ltr'>et</span> <span class='ocrx_word' id='word_1_262' title='bbox 1330 2349 1517 2422; x_wconf 82' lang='lat' dir='ltr'>Pontifices</span> <span class='ocrx_word' id='word_1_263' title='bbox 1540 2363 1574 2422; x_wconf 90' lang='lat' dir='ltr'>et</span> <span class='ocrx_word' id='word_1_264' title='bbox 1589 2343 1760 2420; x_wconf 90' lang='lat' dir='ltr'>Monachi</span> <span class='ocrx_word' id='word_1_265' title='bbox 1776 2371 1884 2440; x_wconf 89' lang='lat' dir='ltr'>regno</span> <span class='ocrx_word' id='word_1_266' title='bbox 1905 2371 1969 2419; x_wconf 92' lang='lat' dir='ltr'>suo</span> <span class='ocrx_word' id='word_1_267' title='bbox 1983 2349 2113 2417; x_wconf 89' lang='lat' dir='ltr'>immo·</span> 
     </span>
     <span class='ocr_line' id='line_1_27' title="bbox 1124 2443 2113 2524; baseline -0.004 -2"><span class='ocrx_word' id='word_1_268' title='bbox 1124 2453 1243 2522; x_wconf 90' lang='lat' dir='ltr'>derate</span> <span class='ocrx_word' id='word_1_269' title='bbox 1265 2452 1366 2522; x_wconf 92' lang='lat' dir='ltr'>abusi</span> <span class='ocrx_word' id='word_1_270' title='bbox 1385 2454 1536 2524; x_wconf 83' lang='lat' dir='ltr'>lucrant.</span> <span class='ocrx_word' id='word_1_271' title='bbox 1585 2449 1860 2522; x_wconf 87' lang='lat' dir='ltr'>Desiderabatur</span> <span class='ocrx_word' id='word_1_272' title='bbox 1884 2449 1987 2520; x_wconf 90' lang='lat' dir='ltr'>etiam</span> <span class='ocrx_word' id='word_1_273' title='bbox 2010 2443 2113 2518; x_wconf 90' lang='lat' dir='ltr'>theo-</span> 
     </span>
     <span class='ocr_line' id='line_1_28' title="bbox 1124 2545 2112 2648; baseline -0.003 -26"><span class='ocrx_word' id='word_1_274' title='bbox 1124 2553 1217 2644; x_wconf 89' lang='lat' dir='ltr'>logia</span> <span class='ocrx_word' id='word_1_275' title='bbox 1238 2576 1327 2646; x_wconf 90' lang='lat' dir='ltr'>pura</span> <span class='ocrx_word' id='word_1_276' title='bbox 1346 2565 1379 2624; x_wconf 90' lang='lat' dir='ltr'>et</span> <span class='ocrx_word' id='word_1_277' title='bbox 1392 2555 1592 2646; x_wconf 90' lang='lat' dir='ltr'>perspicua,</span> <span class='ocrx_word' id='word_1_278' title='bbox 1617 2551 1700 2646; x_wconf 91' lang='lat' dir='ltr'>qnia</span> <span class='ocrx_word' id='word_1_279' title='bbox 1715 2545 1929 2648; x_wconf 89' lang='lat' dir='ltr'>Labyrinthi</span> <span class='ocrx_word' id='word_1_280' title='bbox 1943 2549 2112 2622; x_wconf 89' lang='lat' dir='ltr'>Scotista-</span> 
     </span>
    </p>
   </div>
   <div class='ocr_carea' id='block_1_12' title="bbox 5 2399 2114 5439">
    <p class='ocr_par' dir='ltr' id='par_1_12' title="bbox 5 2399 2113 4626">
     <span class='ocr_line' id='line_1_29' title="bbox 78 2399 1072 2498; baseline -0.004 -24"><span class='ocrx_word' id='word_1_281' title='bbox 78 2399 297 2474; x_wconf 66' lang='lat' dir='ltr'>chrisum</span> <span class='ocrx_word' id='word_1_282' title='bbox 325 2400 469 2486; x_wconf 89' lang='lat' dir='ltr'>didicit,</span> <span class='ocrx_word' id='word_1_283' title='bbox 507 2413 543 2470; x_wconf 89' lang='lat' dir='ltr'>et</span> <span class='ocrx_word' id='word_1_284' title='bbox 571 2403 617 2472; x_wconf 89' lang='lat' dir='ltr'>ed</span> <span class='ocrx_word' id='word_1_285' title='bbox 644 2401 808 2498; x_wconf 83' lang='lat' dir='ltr'>exercitia</span> <span class='ocrx_word' id='word_1_286' title='bbox 836 2399 1072 2470; x_wconf 88' lang='lat' dir='ltr'>invocationis</span> 
     </span>
     <span class='ocr_line' id='line_1_30' title="bbox 79 2500 1072 2591; baseline -0.004 -17"><span class='ocrx_word' id='word_1_287' title='bbox 79 2503 241 2574; x_wconf 85' lang='lat' dir='ltr'>studiose</span> <span class='ocrx_word' id='word_1_288' title='bbox 262 2503 475 2574; x_wconf 77' lang='lat' dir='ltr'>inuennm</span> <span class='ocrx_word' id='word_1_289' title='bbox 497 2514 559 2578; x_wconf 86' lang='lat' dir='ltr'>est.</span> <span class='ocrx_word' id='word_1_290' title='bbox 609 2500 735 2574; x_wconf 83' lang='lat' dir='ltr'>Postea</span> <span class='ocrx_word' id='word_1_291' title='bbox 753 2503 800 2572; x_wconf 91' lang='lat' dir='ltr'>dc</span> <span class='ocrx_word' id='word_1_292' title='bbox 820 2501 968 2572; x_wconf 89' lang='lat' dir='ltr'>consilio</span> <span class='ocrx_word' id='word_1_293' title='bbox 991 2523 1072 2591; x_wconf 88' lang='lat' dir='ltr'>gra·</span> 
     </span>
     <span class='ocr_line' id='line_1_31' title="bbox 78 2595 1073 2698; baseline -0.004 -24"><span class='ocrx_word' id='word_1_294' title='bbox 78 2605 221 2676; x_wconf 80' lang='lat' dir='ltr'>vissimi</span> <span class='ocrx_word' id='word_1_295' title='bbox 249 2603 344 2674; x_wconf 82' lang='lat' dir='ltr'>senis</span> <span class='ocrx_word' id='word_1_296' title='bbox 377 2599 545 2696; x_wconf 84' lang='lat' dir='ltr'>Episcopi</span> <span class='ocrx_word' id='word_1_297' title='bbox 578 2602 863 2694; x_wconf 87' lang='lat' dir='ltr'>Mersburgensis</span> <span class='ocrx_word' id='word_1_298' title='bbox 893 2595 1073 2698; x_wconf 79' lang='lat' dir='ltr'>Adotplit,</span> 
     </span>
     <span class='ocr_line' id='line_1_32' title="bbox 78 2699 1072 2796; baseline -0.004 -20"><span class='ocrx_word' id='word_1_299' title='bbox 78 2705 260 2796; x_wconf 85' lang='lat' dir='ltr'>Principis</span> <span class='ocrx_word' id='word_1_300' title='bbox 285 2699 495 2790; x_wconf 84' lang='lat' dir='ltr'>Anhaltini,</span> <span class='ocrx_word' id='word_1_301' title='bbox 534 2705 651 2776; x_wconf 87' lang='lat' dir='ltr'>iussus</span> <span class='ocrx_word' id='word_1_302' title='bbox 679 2717 731 2776; x_wconf 90' lang='lat' dir='ltr'>est</span> <span class='ocrx_word' id='word_1_303' title='bbox 762 2705 865 2776; x_wconf 90' lang='lat' dir='ltr'>initia</span> <span class='ocrx_word' id='word_1_304' title='bbox 890 2705 1072 2778; x_wconf 84' lang='lat' dir='ltr'>doctrinae</span> 
     </span>
     <span class='ocr_line' id='line_1_33' title="bbox 79 2806 1070 2900; baseline -0.004 -22"><span class='ocrx_word' id='word_1_305' title='bbox 79 2806 419 2880; x_wconf 86' lang='lat' dir='ltr'>Iurisconsultoruri</span> <span class='ocrx_word' id='word_1_306' title='bbox 443 2807 597 2891; x_wconf 84' lang='lat' dir='ltr'>discere,</span> <span class='ocrx_word' id='word_1_307' title='bbox 631 2831 704 2900; x_wconf 88' lang='lat' dir='ltr'>quo</span> <span class='ocrx_word' id='word_1_308' title='bbox 726 2806 766 2876; x_wconf 87' lang='lat' dir='ltr'>iii</span> <span class='ocrx_word' id='word_1_309' title='bbox 788 2828 916 2896; x_wconf 87' lang='lat' dir='ltr'>genere</span> <span class='ocrx_word' id='word_1_310' title='bbox 936 2819 1070 2879; x_wconf 86' lang='lat' dir='ltr'>tantam</span> 
     </span>
     <span class='ocr_line' id='line_1_34' title="bbox 79 2907 1072 3002; baseline -0.003 -22"><span class='ocrx_word' id='word_1_311' title='bbox 79 2908 259 3002; x_wconf 86' lang='lat' dir='ltr'>praestitit</span> <span class='ocrx_word' id='word_1_312' title='bbox 279 2907 536 2990; x_wconf 78' lang='lat' dir='ltr'>assiduitatem,</span> <span class='ocrx_word' id='word_1_313' title='bbox 569 2920 611 2979; x_wconf 92' lang='lat' dir='ltr'>ut</span> <span class='ocrx_word' id='word_1_314' title='bbox 631 2909 747 2978; x_wconf 85' lang='lat' dir='ltr'>fontes</span> <span class='ocrx_word' id='word_1_315' title='bbox 768 2922 862 2979; x_wconf 87' lang='lat' dir='ltr'>recte</span> <span class='ocrx_word' id='word_1_316' title='bbox 883 2931 1072 2998; x_wconf 85' lang='lat' dir='ltr'>cognosce-</span> 
     </span>
     <span class='ocr_line' id='line_1_35' title="bbox 80 3008 1073 3104; baseline -0.003 -22"><span class='ocrx_word' id='word_1_317' title='bbox 80 3023 154 3096; x_wconf 89' lang='lat' dir='ltr'>ret,</span> <span class='ocrx_word' id='word_1_318' title='bbox 186 3033 258 3104; x_wconf 88' lang='lat' dir='ltr'>qna</span> <span class='ocrx_word' id='word_1_319' title='bbox 277 3009 317 3078; x_wconf 87' lang='lat' dir='ltr'>in</span> <span class='ocrx_word' id='word_1_320' title='bbox 336 3033 375 3080; x_wconf 87' lang='lat' dir='ltr'>re</span> <span class='ocrx_word' id='word_1_321' title='bbox 391 3011 629 3080; x_wconf 84' lang='lat' dir='ltr'>adiuvabatur</span> <span class='ocrx_word' id='word_1_322' title='bbox 647 3033 721 3080; x_wconf 89' lang='lat' dir='ltr'>non</span> <span class='ocrx_word' id='word_1_323' title='bbox 736 3010 850 3082; x_wconf 90' lang='lat' dir='ltr'>solum</span> <span class='ocrx_word' id='word_1_324' title='bbox 867 3035 889 3080; x_wconf 95' lang='lat' dir='ltr'>a</span> <span class='ocrx_word' id='word_1_325' title='bbox 905 3008 1073 3080; x_wconf 87' lang='lat' dir='ltr'>Doctori-</span> 
     </span>
     <span class='ocr_line' id='line_1_36' title="bbox 80 3111 1072 3206; baseline -0.004 -22"><span class='ocrx_word' id='word_1_326' title='bbox 80 3114 176 3196; x_wconf 89' lang='lat' dir='ltr'>bns,</span> <span class='ocrx_word' id='word_1_327' title='bbox 198 3111 381 3182; x_wconf 84' lang='lat' dir='ltr'>sedetiam</span> <span class='ocrx_word' id='word_1_328' title='bbox 396 3125 543 3183; x_wconf 86' lang='lat' dir='ltr'>naturae</span> <span class='ocrx_word' id='word_1_329' title='bbox 558 3112 807 3202; x_wconf 87' lang='lat' dir='ltr'>generositate,</span> <span class='ocrx_word' id='word_1_330' title='bbox 828 3135 918 3206; x_wconf 90' lang='lat' dir='ltr'>quae</span> <span class='ocrx_word' id='word_1_331' title='bbox 933 3112 1072 3181; x_wconf 89' lang='lat' dir='ltr'>amabat</span> 
     </span>
     <span class='ocr_line' id='line_1_37' title="bbox 81 3207 2112 3306; baseline 0.001 -24"><span class='ocrx_word' id='word_1_332' title='bbox 81 3213 288 3298; x_wconf 88' lang='lat' dir='ltr'>veritatem,</span> <span class='ocrx_word' id='word_1_333' title='bbox 311 3226 346 3284; x_wconf 90' lang='lat' dir='ltr'>et</span> <span class='ocrx_word' id='word_1_334' title='bbox 365 3225 440 3284; x_wconf 90' lang='lat' dir='ltr'>crat</span> <span class='ocrx_word' id='word_1_335' title='bbox 460 3213 615 3304; x_wconf 81' lang='lat' dir='ltr'>fugitans</span> <span class='ocrx_word' id='word_1_336' title='bbox 631 3213 908 3286; x_wconf 87' lang='lat' dir='ltr'>cavillationum.</span> <span class='ocrx_word' id='word_1_337' title='bbox 957 3209 1073 3288; x_wconf 84' lang='lat' dir='ltr'>Vide-</span> <span class='ocrx_word' id='word_1_338' title='bbox 1224 3209 1304 3286; x_wconf 89' lang='lat' dir='ltr'>Etsi</span> <span class='ocrx_word' id='word_1_339' title='bbox 1320 3227 1436 3286; x_wconf 88' lang='lat' dir='ltr'>autem</span> <span class='ocrx_word' id='word_1_340' title='bbox 1450 3215 1634 3305; x_wconf 84' lang='lat' dir='ltr'>legebatet</span> <span class='ocrx_word' id='word_1_341' title='bbox 1651 3213 1820 3306; x_wconf 87' lang='lat' dir='ltr'>Princeps</span> <span class='ocrx_word' id='word_1_342' title='bbox 1835 3209 2010 3304; x_wconf 80' lang='lat' dir='ltr'>Georgius</span> <span class='ocrx_word' id='word_1_343' title='bbox 2025 3207 2112 3289; x_wconf 86' lang='lat' dir='ltr'>haec</span> 
     </span>
     <span class='ocr_line' id='line_1_38' title="bbox 80 3313 2112 3410; baseline -0.001 -24"><span class='ocrx_word' id='word_1_344' title='bbox 80 3315 165 3400; x_wconf 86' lang='lat' dir='ltr'>bat,</span> <span class='ocrx_word' id='word_1_345' title='bbox 191 3314 294 3385; x_wconf 89' lang='lat' dir='ltr'>utin</span> <span class='ocrx_word' id='word_1_346' title='bbox 316 3327 410 3402; x_wconf 90' lang='lat' dir='ltr'>arte,</span> <span class='ocrx_word' id='word_1_347' title='bbox 433 3315 595 3400; x_wconf 80' lang='lat' dir='ltr'>exordia,</span> <span class='ocrx_word' id='word_1_348' title='bbox 620 3315 881 3408; x_wconf 87' lang='lat' dir='ltr'>progressiones</span> <span class='ocrx_word' id='word_1_349' title='bbox 900 3327 935 3385; x_wconf 91' lang='lat' dir='ltr'>et</span> <span class='ocrx_word' id='word_1_350' title='bbox 947 3327 1071 3398; x_wconf 86' lang='lat' dir='ltr'>metas,</span> <span class='ocrx_word' id='word_1_351' title='bbox 1123 3315 1271 3407; x_wconf 89' lang='lat' dir='ltr'>scripta,</span> <span class='ocrx_word' id='word_1_352' title='bbox 1296 3317 1378 3410; x_wconf 89' lang='lat' dir='ltr'>quia</span> <span class='ocrx_word' id='word_1_353' title='bbox 1394 3313 1509 3386; x_wconf 91' lang='lat' dir='ltr'>Deum</span> <span class='ocrx_word' id='word_1_354' title='bbox 1525 3331 1618 3387; x_wconf 90' lang='lat' dir='ltr'>recte</span> <span class='ocrx_word' id='word_1_355' title='bbox 1633 3317 1747 3387; x_wconf 88' lang='lat' dir='ltr'>colere</span> <span class='ocrx_word' id='word_1_356' title='bbox 1763 3315 1942 3407; x_wconf 90' lang='lat' dir='ltr'>cupiebat,</span> <span class='ocrx_word' id='word_1_357' title='bbox 1967 3327 2003 3386; x_wconf 88' lang='lat' dir='ltr'>et</span> <span class='ocrx_word' id='word_1_358' title='bbox 2017 3314 2112 3386; x_wconf 87' lang='lat' dir='ltr'>mul-</span> 
     </span>
     <span class='ocr_line' id='line_1_39' title="bbox 82 3413 2111 3510; baseline -0.001 -22"><span class='ocrx_word' id='word_1_359' title='bbox 82 3431 118 3488; x_wconf 85' lang='lat' dir='ltr'>et</span> <span class='ocrx_word' id='word_1_360' title='bbox 157 3413 400 3506; x_wconf 81' lang='lat' dir='ltr'>intelligebat,</span> <span class='ocrx_word' id='word_1_361' title='bbox 438 3415 621 3486; x_wconf 88' lang='lat' dir='ltr'>veritatem</span> <span class='ocrx_word' id='word_1_362' title='bbox 660 3418 775 3487; x_wconf 90' lang='lat' dir='ltr'>lucem</span> <span class='ocrx_word' id='word_1_363' title='bbox 809 3417 967 3486; x_wconf 88' lang='lat' dir='ltr'>divinam</span> <span class='ocrx_word' id='word_1_364' title='bbox 999 3437 1072 3486; x_wconf 89' lang='lat' dir='ltr'>esse</span> <span class='ocrx_word' id='word_1_365' title='bbox 1124 3419 1170 3488; x_wconf 90' lang='lat' dir='ltr'>tis</span> <span class='ocrx_word' id='word_1_366' title='bbox 1184 3419 1253 3510; x_wconf 91' lang='lat' dir='ltr'>piis</span> <span class='ocrx_word' id='word_1_367' title='bbox 1267 3417 1453 3488; x_wconf 90' lang='lat' dir='ltr'>sententiis</span> <span class='ocrx_word' id='word_1_368' title='bbox 1469 3419 1748 3504; x_wconf 88' lang='lat' dir='ltr'>adsentiebatur,</span> <span class='ocrx_word' id='word_1_369' title='bbox 1772 3432 1890 3488; x_wconf 89' lang='lat' dir='ltr'>tamen</span> <span class='ocrx_word' id='word_1_370' title='bbox 1907 3415 1991 3510; x_wconf 89' lang='lat' dir='ltr'>quia</span> <span class='ocrx_word' id='word_1_371' title='bbox 2009 3437 2111 3486; x_wconf 88' lang='lat' dir='ltr'>vere-</span> 
     </span>
     <span class='ocr_line' id='line_1_40' title="bbox 82 3511 2111 3608; baseline -0 -20"><span class='ocrx_word' id='word_1_372' title='bbox 82 3530 318 3589; x_wconf 86' lang='lat' dir='ltr'>monstratam</span> <span class='ocrx_word' id='word_1_373' title='bbox 342 3518 461 3608; x_wconf 88' lang='lat' dir='ltr'>generi</span> <span class='ocrx_word' id='word_1_374' title='bbox 482 3511 663 3605; x_wconf 92' lang='lat' dir='ltr'>humano,</span> <span class='ocrx_word' id='word_1_375' title='bbox 699 3532 741 3588; x_wconf 93' lang='lat' dir='ltr'>ut</span> <span class='ocrx_word' id='word_1_376' title='bbox 763 3531 925 3589; x_wconf 86' lang='lat' dir='ltr'>teneatur</span> <span class='ocrx_word' id='word_1_377' title='bbox 946 3517 1071 3588; x_wconf 90' lang='lat' dir='ltr'>discri·</span> <span class='ocrx_word' id='word_1_378' title='bbox 1125 3521 1241 3605; x_wconf 91' lang='lat' dir='ltr'>batur,</span> <span class='ocrx_word' id='word_1_379' title='bbox 1266 3543 1311 3590; x_wconf 93' lang='lat' dir='ltr'>ne</span> <span class='ocrx_word' id='word_1_380' title='bbox 1326 3520 1448 3590; x_wconf 89' lang='lat' dir='ltr'>aetatis</span> <span class='ocrx_word' id='word_1_381' title='bbox 1463 3519 1666 3590; x_wconf 85' lang='lat' dir='ltr'>infirmitate</span> <span class='ocrx_word' id='word_1_382' title='bbox 1680 3518 1810 3590; x_wconf 91' lang='lat' dir='ltr'>alicubi</span> <span class='ocrx_word' id='word_1_383' title='bbox 1825 3519 2015 3602; x_wconf 84' lang='lat' dir='ltr'>laberetur,</span> <span class='ocrx_word' id='word_1_384' title='bbox 2036 3539 2111 3588; x_wconf 90' lang='lat' dir='ltr'>non</span> 
     </span>
     <span class='ocr_line' id='line_1_41' title="bbox 80 3611 2112 3712; baseline -0.001 -22"><span class='ocrx_word' id='word_1_385' title='bbox 80 3644 168 3690; x_wconf 88' lang='lat' dir='ltr'>men</span> <span class='ocrx_word' id='word_1_386' title='bbox 188 3619 283 3690; x_wconf 89' lang='lat' dir='ltr'>inter</span> <span class='ocrx_word' id='word_1_387' title='bbox 304 3611 453 3690; x_wconf 88' lang='lat' dir='ltr'>honesta</span> <span class='ocrx_word' id='word_1_388' title='bbox 477 3631 513 3690; x_wconf 90' lang='lat' dir='ltr'>et</span> <span class='ocrx_word' id='word_1_389' title='bbox 537 3620 674 3710; x_wconf 85' lang='lat' dir='ltr'>turpia,</span> <span class='ocrx_word' id='word_1_390' title='bbox 705 3618 799 3691; x_wconf 89' lang='lat' dir='ltr'>inter</span> <span class='ocrx_word' id='word_1_391' title='bbox 815 3619 1073 3702; x_wconf 88' lang='lat' dir='ltr'>bonaetmala,</span> <span class='ocrx_word' id='word_1_392' title='bbox 1125 3621 1241 3692; x_wconf 87' lang='lat' dir='ltr'>statim</span> <span class='ocrx_word' id='word_1_393' title='bbox 1256 3622 1301 3690; x_wconf 88' lang='lat' dir='ltr'>de</span> <span class='ocrx_word' id='word_1_394' title='bbox 1316 3612 1391 3691; x_wconf 88' lang='lat' dir='ltr'>toto</span> <span class='ocrx_word' id='word_1_395' title='bbox 1406 3643 1531 3710; x_wconf 88' lang='lat' dir='ltr'>genere</span> <span class='ocrx_word' id='word_1_396' title='bbox 1546 3622 1726 3692; x_wconf 89' lang='lat' dir='ltr'>doctrinae</span> <span class='ocrx_word' id='word_1_397' title='bbox 1742 3619 1998 3712; x_wconf 83' lang='lat' dir='ltr'>pronuntiavit.</span> <span class='ocrx_word' id='word_1_398' title='bbox 2050 3615 2112 3688; x_wconf 91' lang='lat' dir='ltr'>ln-</span> 
     </span>
     <span class='ocr_line' id='line_1_42' title="bbox 79 3715 2112 3816; baseline -0.001 -23"><span class='ocrx_word' id='word_1_399' title='bbox 79 3733 116 3793; x_wconf 83' lang='lat' dir='ltr'>et</span> <span class='ocrx_word' id='word_1_400' title='bbox 129 3731 344 3812; x_wconf 87' lang='lat' dir='ltr'>agnoscatur</span> <span class='ocrx_word' id='word_1_401' title='bbox 358 3717 474 3806; x_wconf 89' lang='lat' dir='ltr'>Deus,</span> <span class='ocrx_word' id='word_1_402' title='bbox 498 3733 533 3791; x_wconf 88' lang='lat' dir='ltr'>ct</span> <span class='ocrx_word' id='word_1_403' title='bbox 547 3721 699 3802; x_wconf 87' lang='lat' dir='ltr'>sciatur,</span> <span class='ocrx_word' id='word_1_404' title='bbox 725 3721 840 3816; x_wconf 88' lang='lat' dir='ltr'>qualis</span> <span class='ocrx_word' id='word_1_405' title='bbox 856 3721 919 3801; x_wconf 87' lang='lat' dir='ltr'>sit,</span> <span class='ocrx_word' id='word_1_406' title='bbox 945 3721 1072 3790; x_wconf 90' lang='lat' dir='ltr'>videli-</span> <span class='ocrx_word' id='word_1_407' title='bbox 1125 3739 1219 3795; x_wconf 90' lang='lat' dir='ltr'>terea</span> <span class='ocrx_word' id='word_1_408' title='bbox 1234 3747 1318 3792; x_wconf 90' lang='lat' dir='ltr'>vero</span> <span class='ocrx_word' id='word_1_409' title='bbox 1333 3722 1438 3790; x_wconf 92' lang='lat' dir='ltr'>simul</span> <span class='ocrx_word' id='word_1_410' title='bbox 1455 3723 1660 3793; x_wconf 89' lang='lat' dir='ltr'>ardentibus</span> <span class='ocrx_word' id='word_1_411' title='bbox 1676 3747 1716 3792; x_wconf 92' lang='lat' dir='ltr'>ac</span> <span class='ocrx_word' id='word_1_412' title='bbox 1730 3722 1881 3792; x_wconf 86' lang='lat' dir='ltr'>assiduis</span> <span class='ocrx_word' id='word_1_413' title='bbox 1893 3720 1985 3794; x_wconf 89' lang='lat' dir='ltr'>votis</span> <span class='ocrx_word' id='word_1_414' title='bbox 1999 3739 2020 3792; x_wconf 81' lang='lat' dir='ltr'>a</span> <span class='ocrx_word' id='word_1_415' title='bbox 2034 3715 2112 3792; x_wconf 88' lang='lat' dir='ltr'>Deo</span> 
     </span>
     <span class='ocr_line' id='line_1_43' title="bbox 81 3821 2113 3917; baseline -0.001 -23"><span class='ocrx_word' id='word_1_416' title='bbox 81 3837 137 3894; x_wconf 84' lang='lat' dir='ltr'>eet</span> <span class='ocrx_word' id='word_1_417' title='bbox 153 3822 314 3914; x_wconf 86' lang='lat' dir='ltr'>sapiens,</span> <span class='ocrx_word' id='word_1_418' title='bbox 341 3845 469 3908; x_wconf 85' lang='lat' dir='ltr'>verax,</span> <span class='ocrx_word' id='word_1_419' title='bbox 493 3823 627 3903; x_wconf 89' lang='lat' dir='ltr'>bonus,</span> <span class='ocrx_word' id='word_1_420' title='bbox 652 3823 778 3908; x_wconf 88' lang='lat' dir='ltr'>iustus,</span> <span class='ocrx_word' id='word_1_421' title='bbox 803 3825 990 3906; x_wconf 86' lang='lat' dir='ltr'>beneficus,</span> <span class='ocrx_word' id='word_1_422' title='bbox 1015 3845 1072 3892; x_wconf 92' lang='lat' dir='ltr'>ca·</span> <span class='ocrx_word' id='word_1_423' title='bbox 1125 3823 1270 3917; x_wconf 88' lang='lat' dir='ltr'>petivit,</span> <span class='ocrx_word' id='word_1_424' title='bbox 1292 3823 1385 3894; x_wconf 86' lang='lat' dir='ltr'>flecti</span> <span class='ocrx_word' id='word_1_425' title='bbox 1405 3835 1527 3913; x_wconf 90' lang='lat' dir='ltr'>pectus</span> <span class='ocrx_word' id='word_1_426' title='bbox 1541 3848 1643 3895; x_wconf 90' lang='lat' dir='ltr'>suum</span> <span class='ocrx_word' id='word_1_427' title='bbox 1657 3826 1698 3894; x_wconf 94' lang='lat' dir='ltr'>ad</span> <span class='ocrx_word' id='word_1_428' title='bbox 1718 3824 1919 3916; x_wconf 86' lang='lat' dir='ltr'>veritatem,</span> <span class='ocrx_word' id='word_1_429' title='bbox 1942 3845 1983 3894; x_wconf 90' lang='lat' dir='ltr'>ac</span> <span class='ocrx_word' id='word_1_430' title='bbox 1997 3821 2113 3916; x_wconf 89' lang='lat' dir='ltr'>lacry-</span> 
     </span>
     <span class='ocr_line' id='line_1_44' title="bbox 79 3919 2112 4019; baseline -0.002 -23"><span class='ocrx_word' id='word_1_431' title='bbox 79 3938 171 4010; x_wconf 85' lang='lat' dir='ltr'>stns,</span> <span class='ocrx_word' id='word_1_432' title='bbox 193 3923 325 3993; x_wconf 83' lang='lat' dir='ltr'>vindex</span> <span class='ocrx_word' id='word_1_433' title='bbox 342 3924 526 3995; x_wconf 84' lang='lat' dir='ltr'>scelernm.</span> <span class='ocrx_word' id='word_1_434' title='bbox 577 3921 744 4010; x_wconf 90' lang='lat' dir='ltr'>Dicebat,</span> <span class='ocrx_word' id='word_1_435' title='bbox 766 3925 880 3996; x_wconf 91' lang='lat' dir='ltr'>Deum</span> <span class='ocrx_word' id='word_1_436' title='bbox 899 3926 989 3995; x_wconf 88' lang='lat' dir='ltr'>velle</span> <span class='ocrx_word' id='word_1_437' title='bbox 1007 3946 1073 3993; x_wconf 91' lang='lat' dir='ltr'>nos</span> <span class='ocrx_word' id='word_1_438' title='bbox 1126 3949 1226 3996; x_wconf 90' lang='lat' dir='ltr'>mans</span> <span class='ocrx_word' id='word_1_439' title='bbox 1248 3949 1350 4017; x_wconf 91' lang='lat' dir='ltr'>saepe</span> <span class='ocrx_word' id='word_1_440' title='bbox 1375 3919 1463 3994; x_wconf 93' lang='lat' dir='ltr'>haec</span> <span class='ocrx_word' id='word_1_441' title='bbox 1484 3927 1591 3997; x_wconf 86' lang='lat' dir='ltr'>verba</span> <span class='ocrx_word' id='word_1_442' title='bbox 1616 3927 1796 4019; x_wconf 89' lang='lat' dir='ltr'>repetivit:</span> <span class='ocrx_word' id='word_1_443' title='bbox 1829 3926 1884 3996; x_wconf 85' lang='lat' dir='ltr'>fac</span> <span class='ocrx_word' id='word_1_444' title='bbox 1907 3948 1986 3996; x_wconf 89' lang='lat' dir='ltr'>cuin</span> <span class='ocrx_word' id='word_1_445' title='bbox 2009 3945 2112 3994; x_wconf 85' lang='lat' dir='ltr'>servo</span> 
     </span>
     <span class='ocr_line' id='line_1_45' title="bbox 78 4023 2112 4118; baseline 0 -22"><span class='ocrx_word' id='word_1_446' title='bbox 78 4025 151 4096; x_wconf 83' lang='lat' dir='ltr'>sibi</span> <span class='ocrx_word' id='word_1_447' title='bbox 173 4025 242 4118; x_wconf 89' lang='lat' dir='ltr'>ipsi</span> <span class='ocrx_word' id='word_1_448' title='bbox 263 4025 433 4096; x_wconf 88' lang='lat' dir='ltr'>adsentiri</span> <span class='ocrx_word' id='word_1_449' title='bbox 454 4027 573 4116; x_wconf 81' lang='lat' dir='ltr'>agniti</span> <span class='ocrx_word' id='word_1_450' title='bbox 599 4028 761 4113; x_wconf 80' lang='lat' dir='ltr'>veritate3</span> <span class='ocrx_word' id='word_1_451' title='bbox 794 4027 999 4117; x_wconf 87' lang='lat' dir='ltr'>praestigias</span> <span class='ocrx_word' id='word_1_452' title='bbox 1013 4049 1072 4096; x_wconf 88' lang='lat' dir='ltr'>ca·</span> <span class='ocrx_word' id='word_1_453' title='bbox 1125 4041 1187 4098; x_wconf 88' lang='lat' dir='ltr'>tuo</span> <span class='ocrx_word' id='word_1_454' title='bbox 1201 4029 1395 4097; x_wconf 90' lang='lat' dir='ltr'>secundnm</span> <span class='ocrx_word' id='word_1_455' title='bbox 1410 4027 1689 4098; x_wconf 88' lang='lat' dir='ltr'>misericordiam</span> <span class='ocrx_word' id='word_1_456' title='bbox 1704 4041 1821 4112; x_wconf 89' lang='lat' dir='ltr'>tuam,</span> <span class='ocrx_word' id='word_1_457' title='bbox 1846 4023 2112 4097; x_wconf 89' lang='lat' dir='ltr'>etiustificatio-</span> 
     </span>
     <span class='ocr_line' id='line_1_46' title="bbox 5 4123 2111 4220; baseline 0 -24"><span class='ocrx_word' id='word_1_458' title='bbox 5 4145 6 4152; x_wconf 74' lang='grc'>’</span> <span class='ocrx_word' id='word_1_459' title='bbox 79 4127 311 4198; x_wconf 78' lang='lat' dir='ltr'>villationnm</span> <span class='ocrx_word' id='word_1_460' title='bbox 343 4139 379 4196; x_wconf 87' lang='lat' dir='ltr'>et</span> <span class='ocrx_word' id='word_1_461' title='bbox 410 4124 665 4220; x_wconf 85' lang='lat' dir='ltr'>sophismatum</span> <span class='ocrx_word' id='word_1_462' title='bbox 698 4129 849 4200; x_wconf 90' lang='lat' dir='ltr'>illudere</span> <span class='ocrx_word' id='word_1_463' title='bbox 874 4127 963 4198; x_wconf 92' lang='lat' dir='ltr'>Deo.</span> <span class='ocrx_word' id='word_1_464' title='bbox 999 4123 1073 4196; x_wconf 90' lang='lat' dir='ltr'>-Et</span> <span class='ocrx_word' id='word_1_465' title='bbox 1126 4152 1188 4198; x_wconf 89' lang='lat' dir='ltr'>nes</span> <span class='ocrx_word' id='word_1_466' title='bbox 1210 4141 1287 4199; x_wconf 89' lang='lat' dir='ltr'>tuas</span> <span class='ocrx_word' id='word_1_467' title='bbox 1308 4131 1396 4200; x_wconf 87' lang='lat' dir='ltr'>doce</span> <span class='ocrx_word' id='word_1_468' title='bbox 1417 4153 1486 4202; x_wconf 91' lang='lat' dir='ltr'>me.</span> <span class='ocrx_word' id='word_1_469' title='bbox 1534 4127 1583 4202; x_wconf 88' lang='lat' dir='ltr'>Et</span> <span class='ocrx_word' id='word_1_470' title='bbox 1605 4131 1761 4201; x_wconf 91' lang='lat' dir='ltr'>studiose</span> <span class='ocrx_word' id='word_1_471' title='bbox 1781 4129 1866 4218; x_wconf 88' lang='lat' dir='ltr'>legit</span> <span class='ocrx_word' id='word_1_472' title='bbox 1883 4126 2011 4218; x_wconf 87' lang='lat' dir='ltr'>scripta</span> <span class='ocrx_word' id='word_1_473' title='bbox 2026 4149 2111 4217; x_wconf 91' lang='lat' dir='ltr'>pro·</span> 
     </span>
     <span class='ocr_line' id='line_1_47' title="bbox 80 4223 2111 4324; baseline -0.001 -24"><span class='ocrx_word' id='word_1_474' title='bbox 80 4251 188 4320; x_wconf 84' lang='lat' dir='ltr'>saepe</span> <span class='ocrx_word' id='word_1_475' title='bbox 212 4228 304 4298; x_wconf 91' lang='lat' dir='ltr'>illud</span> <span class='ocrx_word' id='word_1_476' title='bbox 319 4226 519 4301; x_wconf 78' lang='lat' dir='ltr'>Salomonis</span> <span class='ocrx_word' id='word_1_477' title='bbox 542 4231 740 4321; x_wconf 75' lang='lat' dir='ltr'>repetebatt</span> <span class='ocrx_word' id='word_1_478' title='bbox 766 4253 840 4300; x_wconf 93' lang='lat' dir='ltr'>non</span> <span class='ocrx_word' id='word_1_479' title='bbox 854 4227 1073 4301; x_wconf 86' lang='lat' dir='ltr'>decetPrin-</span> <span class='ocrx_word' id='word_1_480' title='bbox 1125 4226 1263 4323; x_wconf 89' lang='lat' dir='ltr'>phetica</span> <span class='ocrx_word' id='word_1_481' title='bbox 1291 4245 1325 4302; x_wconf 86' lang='lat' dir='ltr'>et</span> <span class='ocrx_word' id='word_1_482' title='bbox 1354 4231 1565 4324; x_wconf 88' lang='lat' dir='ltr'>apostolica,</span> <span class='ocrx_word' id='word_1_483' title='bbox 1606 4247 1640 4304; x_wconf 91' lang='lat' dir='ltr'>et</span> <span class='ocrx_word' id='word_1_484' title='bbox 1663 4227 1720 4300; x_wconf 91' lang='lat' dir='ltr'>his</span> <span class='ocrx_word' id='word_1_485' title='bbox 1741 4227 1902 4299; x_wconf 89' lang='lat' dir='ltr'>adiunxit</span> <span class='ocrx_word' id='word_1_486' title='bbox 1924 4223 2111 4301; x_wconf 85' lang='lat' dir='ltr'>historiam</span> 
     </span>
     <span class='ocr_line' id='line_1_48' title="bbox 79 4327 2112 4425; baseline -0.002 -23"><span class='ocrx_word' id='word_1_487' title='bbox 79 4329 200 4422; x_wconf 85' lang='lat' dir='ltr'>cipem</span> <span class='ocrx_word' id='word_1_488' title='bbox 231 4329 367 4400; x_wconf 88' lang='lat' dir='ltr'>labium</span> <span class='ocrx_word' id='word_1_489' title='bbox 397 4333 559 4402; x_wconf 84' lang='lat' dir='ltr'>mendax.</span> <span class='ocrx_word' id='word_1_490' title='bbox 627 4329 758 4403; x_wconf 86' lang='lat' dir='ltr'>Fontes</span> <span class='ocrx_word' id='word_1_491' title='bbox 789 4331 898 4422; x_wconf 90' lang='lat' dir='ltr'>igitur</span> <span class='ocrx_word' id='word_1_492' title='bbox 924 4332 1013 4402; x_wconf 92' lang='lat' dir='ltr'>iuris</span> <span class='ocrx_word' id='word_1_493' title='bbox 1039 4343 1075 4402; x_wconf 86' lang='lat' dir='ltr'>et</span> <span class='ocrx_word' id='word_1_494' title='bbox 1127 4333 1254 4403; x_wconf 88' lang='lat' dir='ltr'>veteris</span> <span class='ocrx_word' id='word_1_495' title='bbox 1275 4329 1472 4418; x_wconf 88' lang='lat' dir='ltr'>Ecclesiae,</span> <span class='ocrx_word' id='word_1_496' title='bbox 1505 4333 1632 4425; x_wconf 91' lang='lat' dir='ltr'>scripta</span> <span class='ocrx_word' id='word_1_497' title='bbox 1656 4329 1866 4422; x_wconf 86' lang='lat' dir='ltr'>Augustini,</span> <span class='ocrx_word' id='word_1_498' title='bbox 1898 4327 2112 4424; x_wconf 87' lang='lat' dir='ltr'>Hieronymi</span> 
     </span>
     <span class='ocr_line' id='line_1_49' title="bbox 80 4427 2111 4526; baseline -0.001 -22"><span class='ocrx_word' id='word_1_499' title='bbox 80 4455 190 4504; x_wconf 88' lang='lat' dir='ltr'>nsum</span> <span class='ocrx_word' id='word_1_500' title='bbox 211 4431 423 4524; x_wconf 82' lang='lat' dir='ltr'>quaerebat,</span> <span class='ocrx_word' id='word_1_501' title='bbox 446 4456 487 4504; x_wconf 90' lang='lat' dir='ltr'>ac</span> <span class='ocrx_word' id='word_1_502' title='bbox 505 4433 693 4526; x_wconf 90' lang='lat' dir='ltr'>praecipue</span> <span class='ocrx_word' id='word_1_503' title='bbox 708 4431 1001 4506; x_wconf 86' lang='lat' dir='ltr'>Panormitanum</span> <span class='ocrx_word' id='word_1_504' title='bbox 1021 4433 1074 4502; x_wconf 93' lang='lat' dir='ltr'>le-</span> <span class='ocrx_word' id='word_1_505' title='bbox 1127 4447 1161 4504; x_wconf 92' lang='lat' dir='ltr'>et</span> <span class='ocrx_word' id='word_1_506' title='bbox 1173 4433 1270 4507; x_wconf 89' lang='lat' dir='ltr'>Petri</span> <span class='ocrx_word' id='word_1_507' title='bbox 1286 4433 1533 4524; x_wconf 87' lang='lat' dir='ltr'>Longobardi,</span> <span class='ocrx_word' id='word_1_508' title='bbox 1558 4457 1598 4504; x_wconf 89' lang='lat' dir='ltr'>ac</span> <span class='ocrx_word' id='word_1_509' title='bbox 1619 4433 1750 4502; x_wconf 88' lang='lat' dir='ltr'>laboris</span> <span class='ocrx_word' id='word_1_510' title='bbox 1773 4427 1878 4504; x_wconf 88' lang='lat' dir='ltr'>huius</span> <span class='ocrx_word' id='word_1_511' title='bbox 1895 4427 2111 4505; x_wconf 88' lang='lat' dir='ltr'>hortatorem</span> 
     </span>
     <span class='ocr_line' id='line_1_50' title="bbox 81 4527 2113 4626; baseline -0 -22"><span class='ocrx_word' id='word_1_512' title='bbox 81 4535 200 4624; x_wconf 86' lang='lat' dir='ltr'>gebat.</span> <span class='ocrx_word' id='word_1_513' title='bbox 1126 4549 1161 4605; x_wconf 92' lang='lat' dir='ltr'>et</span> <span class='ocrx_word' id='word_1_514' title='bbox 1181 4537 1315 4605; x_wconf 90' lang='lat' dir='ltr'>socium</span> <span class='ocrx_word' id='word_1_515' title='bbox 1339 4531 1491 4605; x_wconf 87' lang='lat' dir='ltr'>habebat</span> <span class='ocrx_word' id='word_1_516' title='bbox 1514 4533 1709 4626; x_wconf 91' lang='lat' dir='ltr'>Georgium</span> <span class='ocrx_word' id='word_1_517' title='bbox 1727 4529 2015 4608; x_wconf 87' lang='lat' dir='ltr'>Forchliemium.</span> <span class='ocrx_word' id='word_1_518' title='bbox 2064 4527 2113 4604; x_wconf 93' lang='lat' dir='ltr'>Et</span> 
     </span>
    </p>

    <p class='ocr_par' dir='ltr' id='par_1_13' title="bbox 80 4629 2114 5439">
     <span class='ocr_line' id='line_1_51' title="bbox 182 4629 2112 4730; baseline -0.002 -24"><span class='ocrx_word' id='word_1_519' title='bbox 182 4633 230 4706; x_wconf 85' lang='lat' dir='ltr'>ln</span> <span class='ocrx_word' id='word_1_520' title='bbox 248 4629 317 4705; x_wconf 93' lang='lat' dir='ltr'>hoc</span> <span class='ocrx_word' id='word_1_521' title='bbox 336 4634 513 4729; x_wconf 86' lang='lat' dir='ltr'>tyrocinio</span> <span class='ocrx_word' id='word_1_522' title='bbox 532 4659 615 4706; x_wconf 86' lang='lat' dir='ltr'>cum</span> <span class='ocrx_word' id='word_1_523' title='bbox 636 4657 750 4706; x_wconf 86' lang='lat' dir='ltr'>annos</span> <span class='ocrx_word' id='word_1_524' title='bbox 771 4635 906 4728; x_wconf 87' lang='lat' dir='ltr'>aliquot</span> <span class='ocrx_word' id='word_1_525' title='bbox 928 4655 1074 4725; x_wconf 91' lang='lat' dir='ltr'>praepa-</span> <span class='ocrx_word' id='word_1_526' title='bbox 1126 4636 1208 4730; x_wconf 91' lang='lat' dir='ltr'>quia</span> <span class='ocrx_word' id='word_1_527' title='bbox 1238 4637 1353 4706; x_wconf 83' lang='lat' dir='ltr'>sontes</span> <span class='ocrx_word' id='word_1_528' title='bbox 1379 4637 1418 4705; x_wconf 92' lang='lat' dir='ltr'>in</span> <span class='ocrx_word' id='word_1_529' title='bbox 1448 4637 1586 4728; x_wconf 88' lang='lat' dir='ltr'>scriptis</span> <span class='ocrx_word' id='word_1_530' title='bbox 1611 4631 1827 4730; x_wconf 89' lang='lat' dir='ltr'>propheticis</span> <span class='ocrx_word' id='word_1_531' title='bbox 1853 4649 1888 4708; x_wconf 91' lang='lat' dir='ltr'>et</span> <span class='ocrx_word' id='word_1_532' title='bbox 1910 4634 2112 4727; x_wconf 89' lang='lat' dir='ltr'>apostolicis</span> 
     </span>
     <span class='ocr_line' id='line_1_52' title="bbox 81 4734 2113 4832; baseline -0.001 -24"><span class='ocrx_word' id='word_1_533' title='bbox 81 4749 196 4808; x_wconf 78' lang='lat' dir='ltr'>resset</span> <span class='ocrx_word' id='word_1_534' title='bbox 218 4736 420 4826; x_wconf 88' lang='lat' dir='ltr'>ingenium,</span> <span class='ocrx_word' id='word_1_535' title='bbox 449 4751 484 4810; x_wconf 88' lang='lat' dir='ltr'>et</span> <span class='ocrx_word' id='word_1_536' title='bbox 507 4737 577 4806; x_wconf 93' lang='lat' dir='ltr'>iam</span> <span class='ocrx_word' id='word_1_537' title='bbox 593 4759 751 4828; x_wconf 89' lang='lat' dir='ltr'>egressus</span> <span class='ocrx_word' id='word_1_538' title='bbox 766 4750 854 4808; x_wconf 90' lang='lat' dir='ltr'>esset</span> <span class='ocrx_word' id='word_1_539' title='bbox 869 4757 1003 4806; x_wconf 90' lang='lat' dir='ltr'>annum</span> <span class='ocrx_word' id='word_1_540' title='bbox 1019 4734 1074 4803; x_wconf 89' lang='lat' dir='ltr'>vi·</span> <span class='ocrx_word' id='word_1_541' title='bbox 1126 4759 1334 4828; x_wconf 88' lang='lat' dir='ltr'>cognoscere</span> <span class='ocrx_word' id='word_1_542' title='bbox 1359 4739 1539 4832; x_wconf 90' lang='lat' dir='ltr'>cupiebat,</span> <span class='ocrx_word' id='word_1_543' title='bbox 1577 4739 1716 4810; x_wconf 88' lang='lat' dir='ltr'>addidit</span> <span class='ocrx_word' id='word_1_544' title='bbox 1742 4739 1884 4827; x_wconf 85' lang='lat' dir='ltr'>linguae</span> <span class='ocrx_word' id='word_1_545' title='bbox 1909 4759 2052 4827; x_wconf 89' lang='lat' dir='ltr'>graecae</span> <span class='ocrx_word' id='word_1_546' title='bbox 2077 4749 2113 4806; x_wconf 89' lang='lat' dir='ltr'>et</span> 
     </span>
     <span class='ocr_line' id='line_1_53' title="bbox 81 4832 2112 4936; baseline -0.001 -26"><span class='ocrx_word' id='word_1_547' title='bbox 81 4839 254 4910; x_wconf 60' lang='lat' dir='ltr'>minum</span> <span class='ocrx_word' id='word_1_548' title='bbox 275 4840 488 4922; x_wconf 87' lang='lat' dir='ltr'>secundnm,</span> <span class='ocrx_word' id='word_1_549' title='bbox 519 4836 719 4910; x_wconf 82' lang='lat' dir='ltr'>Cardinalis</span> <span class='ocrx_word' id='word_1_550' title='bbox 739 4832 912 4909; x_wconf 74' lang='lat' dir='ltr'>Athone</span> <span class='ocrx_word' id='word_1_551' title='bbox 931 4833 1075 4908; x_wconf 88' lang='lat' dir='ltr'>Elector</span> <span class='ocrx_word' id='word_1_552' title='bbox 1127 4840 1271 4910; x_wconf 88' lang='lat' dir='ltr'>ebraeac</span> <span class='ocrx_word' id='word_1_553' title='bbox 1294 4841 1470 4923; x_wconf 89' lang='lat' dir='ltr'>studium,</span> <span class='ocrx_word' id='word_1_554' title='bbox 1511 4853 1720 4936; x_wconf 90' lang='lat' dir='ltr'>tantumque</span> <span class='ocrx_word' id='word_1_555' title='bbox 1742 4840 1782 4908; x_wconf 90' lang='lat' dir='ltr'>iri</span> <span class='ocrx_word' id='word_1_556' title='bbox 1803 4839 1928 4909; x_wconf 89' lang='lat' dir='ltr'>ebraea</span> <span class='ocrx_word' id='word_1_557' title='bbox 1951 4837 2112 4931; x_wconf 83' lang='lat' dir='ltr'>proiecit,</span> 
     </span>
     <span class='ocr_line' id='line_1_54' title="bbox 83 4936 2113 5035; baseline -0.001 -25"><span class='ocrx_word' id='word_1_558' title='bbox 83 4937 323 5029; x_wconf 80' lang='lat' dir='ltr'>Mogontinns</span> <span class='ocrx_word' id='word_1_559' title='bbox 348 4953 383 5010; x_wconf 86' lang='lat' dir='ltr'>et</span> <span class='ocrx_word' id='word_1_560' title='bbox 404 4936 601 5032; x_wconf 83' lang='lat' dir='ltr'>Episcopus</span> <span class='ocrx_word' id='word_1_561' title='bbox 626 4938 938 5030; x_wconf 87' lang='lat' dir='ltr'>Madehurgensis,</span> <span class='ocrx_word' id='word_1_562' title='bbox 971 4951 1074 5010; x_wconf 89' lang='lat' dir='ltr'>natus</span> <span class='ocrx_word' id='word_1_563' title='bbox 1126 4955 1167 5014; x_wconf 92' lang='lat' dir='ltr'>ut</span> <span class='ocrx_word' id='word_1_564' title='bbox 1195 4965 1260 5035; x_wconf 92' lang='lat' dir='ltr'>par</span> <span class='ocrx_word' id='word_1_565' title='bbox 1285 4956 1373 5014; x_wconf 86' lang='lat' dir='ltr'>esset</span> <span class='ocrx_word' id='word_1_566' title='bbox 1400 4943 1440 5013; x_wconf 93' lang='lat' dir='ltr'>in</span> <span class='ocrx_word' id='word_1_567' title='bbox 1472 4967 1511 5014; x_wconf 91' lang='lat' dir='ltr'>ea</span> <span class='ocrx_word' id='word_1_568' title='bbox 1539 4944 1651 5015; x_wconf 88' lang='lat' dir='ltr'>doctis</span> <span class='ocrx_word' id='word_1_569' title='bbox 1681 4941 1945 5034; x_wconf 87' lang='lat' dir='ltr'>interpretibus.</span> <span class='ocrx_word' id='word_1_570' title='bbox 2000 4938 2113 5032; x_wconf 84' lang='lat' dir='ltr'>Saepe</span> 
     </span>
     <span class='ocr_line' id='line_1_55' title="bbox 84 5036 2114 5132; baseline 0.001 -22"><span class='ocrx_word' id='word_1_571' title='bbox 84 5041 124 5110; x_wconf 89' lang='lat' dir='ltr'>iii</span> <span class='ocrx_word' id='word_1_572' title='bbox 137 5041 276 5110; x_wconf 76' lang='lat' dir='ltr'>familia</span> <span class='ocrx_word' id='word_1_573' title='bbox 294 5036 546 5117; x_wconf 86' lang='lat' dir='ltr'>Marchionum</span> <span class='ocrx_word' id='word_1_574' title='bbox 565 5039 983 5132; x_wconf 86' lang='lat' dir='ltr'>Brandenburgensium,</span> <span class='ocrx_word' id='word_1_575' title='bbox 1009 5043 1073 5111; x_wconf 91' lang='lat' dir='ltr'>ad·</span> <span class='ocrx_word' id='word_1_576' title='bbox 1126 5043 1232 5115; x_wconf 87' lang='lat' dir='ltr'>etiam</span> <span class='ocrx_word' id='word_1_577' title='bbox 1262 5045 1306 5115; x_wconf 90' lang='lat' dir='ltr'>de</span> <span class='ocrx_word' id='word_1_578' title='bbox 1337 5047 1504 5116; x_wconf 89' lang='lat' dir='ltr'>omnibus</span> <span class='ocrx_word' id='word_1_579' title='bbox 1531 5044 1779 5115; x_wconf 89' lang='lat' dir='ltr'>controversiis</span> <span class='ocrx_word' id='word_1_580' title='bbox 1802 5069 1882 5117; x_wconf 89' lang='lat' dir='ltr'>cnm</span> <span class='ocrx_word' id='word_1_581' title='bbox 1907 5041 2056 5113; x_wconf 89' lang='lat' dir='ltr'>eruditis</span> <span class='ocrx_word' id='word_1_582' title='bbox 2078 5053 2114 5112; x_wconf 93' lang='lat' dir='ltr'>et</span> 
     </span>
     <span class='ocr_line' id='line_1_56' title="bbox 80 5141 2113 5238; baseline 0 -24"><span class='ocrx_word' id='word_1_583' title='bbox 80 5141 201 5233; x_wconf 69' lang='lat' dir='ltr'>&#39;ungit</span> <span class='ocrx_word' id='word_1_584' title='bbox 223 5166 305 5214; x_wconf 89' lang='lat' dir='ltr'>euni</span> <span class='ocrx_word' id='word_1_585' title='bbox 327 5143 537 5216; x_wconf 80' lang='lat' dir='ltr'>consiliariis</span> <span class='ocrx_word' id='word_1_586' title='bbox 561 5143 601 5213; x_wconf 88' lang='lat' dir='ltr'>ln</span> <span class='ocrx_word' id='word_1_587' title='bbox 620 5145 722 5230; x_wconf 77' lang='lat' dir='ltr'>aula,</span> <span class='ocrx_word' id='word_1_588' title='bbox 758 5145 915 5216; x_wconf 84' lang='lat' dir='ltr'>nbilam</span> <span class='ocrx_word' id='word_1_589' title='bbox 938 5169 1012 5216; x_wconf 91' lang='lat' dir='ltr'>non</span> <span class='ocrx_word' id='word_1_590' title='bbox 1033 5143 1073 5213; x_wconf 92' lang='lat' dir='ltr'>in</span> <span class='ocrx_word' id='word_1_591' title='bbox 1125 5147 1343 5238; x_wconf 82' lang='lat' dir='ltr'>sapientibus</span> <span class='ocrx_word' id='word_1_592' title='bbox 1366 5147 1568 5218; x_wconf 88' lang='lat' dir='ltr'>disserebat.</span> <span class='ocrx_word' id='word_1_593' title='bbox 1620 5144 1782 5218; x_wconf 91' lang='lat' dir='ltr'>Tandem</span> <span class='ocrx_word' id='word_1_594' title='bbox 1807 5145 1916 5236; x_wconf 90' lang='lat' dir='ltr'>igitur</span> <span class='ocrx_word' id='word_1_595' title='bbox 1938 5143 2113 5233; x_wconf 83' lang='lat' dir='ltr'>diucogi-</span> 
     </span>
     <span class='ocr_line' id='line_1_57' title="bbox 84 5239 2114 5336; baseline 0.001 -22"><span class='ocrx_word' id='word_1_596' title='bbox 84 5246 232 5326; x_wconf 87' lang='lat' dir='ltr'>nmbra,</span> <span class='ocrx_word' id='word_1_597' title='bbox 264 5257 307 5317; x_wconf 88' lang='lat' dir='ltr'>ut</span> <span class='ocrx_word' id='word_1_598' title='bbox 330 5245 368 5314; x_wconf 93' lang='lat' dir='ltr'>in</span> <span class='ocrx_word' id='word_1_599' title='bbox 385 5239 596 5336; x_wconf 82' lang='lat' dir='ltr'>Academia,</span> <span class='ocrx_word' id='word_1_600' title='bbox 626 5247 688 5316; x_wconf 89' lang='lat' dir='ltr'>sed</span> <span class='ocrx_word' id='word_1_601' title='bbox 711 5247 750 5317; x_wconf 92' lang='lat' dir='ltr'>in</span> <span class='ocrx_word' id='word_1_602' title='bbox 771 5247 913 5326; x_wconf 86' lang='lat' dir='ltr'>iudiciis</span> <span class='ocrx_word' id='word_1_603' title='bbox 930 5261 965 5319; x_wconf 91' lang='lat' dir='ltr'>et</span> <span class='ocrx_word' id='word_1_604' title='bbox 981 5245 1073 5317; x_wconf 88' lang='lat' dir='ltr'>deli·</span> <span class='ocrx_word' id='word_1_605' title='bbox 1125 5249 1206 5320; x_wconf 89' lang='lat' dir='ltr'>tatis</span> <span class='ocrx_word' id='word_1_606' title='bbox 1225 5249 1387 5319; x_wconf 89' lang='lat' dir='ltr'>omnium</span> <span class='ocrx_word' id='word_1_607' title='bbox 1409 5249 1610 5334; x_wconf 85' lang='lat' dir='ltr'>sententiis,</span> <span class='ocrx_word' id='word_1_608' title='bbox 1642 5273 1723 5320; x_wconf 89' lang='lat' dir='ltr'>cum</span> <span class='ocrx_word' id='word_1_609' title='bbox 1746 5247 1919 5319; x_wconf 86' lang='lat' dir='ltr'>iudicaret</span> <span class='ocrx_word' id='word_1_610' title='bbox 1936 5239 2114 5318; x_wconf 83' lang='lat' dir='ltr'>Ecclesia-</span> 
     </span>
     <span class='ocr_line' id='line_1_58' title="bbox 82 5344 2113 5439; baseline 0.002 -23"><span class='ocrx_word' id='word_1_611' title='bbox 82 5344 327 5420; x_wconf 88' lang='lat' dir='ltr'>berationibns</span> <span class='ocrx_word' id='word_1_612' title='bbox 356 5346 623 5439; x_wconf 88' lang='lat' dir='ltr'>gubernationis</span> <span class='ocrx_word' id='word_1_613' title='bbox 652 5371 758 5421; x_wconf 85' lang='lat' dir='ltr'>usum</span> <span class='ocrx_word' id='word_1_614' title='bbox 779 5351 961 5425; x_wconf 86' lang='lat' dir='ltr'>doctrinae</span> <span class='ocrx_word' id='word_1_615' title='bbox 984 5347 1073 5424; x_wconf 86' lang='lat' dir='ltr'>iuris</span> <span class='ocrx_word' id='word_1_616' title='bbox 1123 5373 1205 5422; x_wconf 89' lang='lat' dir='ltr'>runi</span> <span class='ocrx_word' id='word_1_617' title='bbox 1218 5363 1420 5424; x_wconf 86' lang='lat' dir='ltr'>nostrarum</span> <span class='ocrx_word' id='word_1_618' title='bbox 1434 5351 1687 5427; x_wconf 83' lang='lat' dir='ltr'>confessionem</span> <span class='ocrx_word' id='word_1_619' title='bbox 1701 5371 1910 5422; x_wconf 84' lang='lat' dir='ltr'>consensum</span> <span class='ocrx_word' id='word_1_620' title='bbox 1925 5369 2000 5420; x_wconf 88' lang='lat' dir='ltr'>esse</span> <span class='ocrx_word' id='word_1_621' title='bbox 2015 5359 2113 5420; x_wconf 87' lang='lat' dir='ltr'>vete-</span> 
     </span>
    </p>
   </div>
   <div class='ocr_carea' id='block_1_13' title="bbox 1123 2649 2113 2948">
    <p class='ocr_par' dir='ltr' id='par_1_14' title="bbox 1123 2649 2113 2948">
     <span class='ocr_line' id='line_1_59' title="bbox 1124 2649 2112 2742; baseline -0.006 -16"><span class='ocrx_word' id='word_1_622' title='bbox 1124 2679 1205 2726; x_wconf 91' lang='lat' dir='ltr'>rum</span> <span class='ocrx_word' id='word_1_623' title='bbox 1219 2667 1254 2726; x_wconf 91' lang='lat' dir='ltr'>et</span> <span class='ocrx_word' id='word_1_624' title='bbox 1268 2655 1438 2726; x_wconf 90' lang='lat' dir='ltr'>similium</span> <span class='ocrx_word' id='word_1_625' title='bbox 1453 2668 1555 2726; x_wconf 90' lang='lat' dir='ltr'>erant</span> <span class='ocrx_word' id='word_1_626' title='bbox 1570 2655 1841 2730; x_wconf 82' lang='lat' dir='ltr'>inextricabiles.</span> <span class='ocrx_word' id='word_1_627' title='bbox 1880 2649 1992 2724; x_wconf 88' lang='lat' dir='ltr'>Multi</span> <span class='ocrx_word' id='word_1_628' title='bbox 2003 2649 2112 2742; x_wconf 87' lang='lat' dir='ltr'>igitur</span> 
     </span>
     <span class='ocr_line' id='line_1_60' title="bbox 1124 2752 2112 2854; baseline -0.004 -26"><span class='ocrx_word' id='word_1_629' title='bbox 1124 2756 1219 2828; x_wconf 90' lang='lat' dir='ltr'>docti</span> <span class='ocrx_word' id='word_1_630' title='bbox 1250 2769 1284 2828; x_wconf 89' lang='lat' dir='ltr'>et</span> <span class='ocrx_word' id='word_1_631' title='bbox 1310 2757 1361 2854; x_wconf 91' lang='lat' dir='ltr'>pii</span> <span class='ocrx_word' id='word_1_632' title='bbox 1380 2757 1668 2838; x_wconf 85' lang='lat' dir='ltr'>adsentiebantur</span> <span class='ocrx_word' id='word_1_633' title='bbox 1689 2752 1867 2842; x_wconf 91' lang='lat' dir='ltr'>Luthero,</span> <span class='ocrx_word' id='word_1_634' title='bbox 1899 2767 1933 2824; x_wconf 88' lang='lat' dir='ltr'>et</span> <span class='ocrx_word' id='word_1_635' title='bbox 1956 2753 2112 2844; x_wconf 88' lang='lat' dir='ltr'>gratula-</span> 
     </span>
     <span class='ocr_line' id='line_1_61' title="bbox 1123 2853 2113 2948; baseline -0.006 -18"><span class='ocrx_word' id='word_1_636' title='bbox 1123 2859 1255 2930; x_wconf 89' lang='lat' dir='ltr'>bantur</span> <span class='ocrx_word' id='word_1_637' title='bbox 1270 2853 1447 2930; x_wconf 89' lang='lat' dir='ltr'>Ecclesiae</span> <span class='ocrx_word' id='word_1_638' title='bbox 1460 2859 1717 2930; x_wconf 88' lang='lat' dir='ltr'>illucescentem</span> <span class='ocrx_word' id='word_1_639' title='bbox 1734 2858 1927 2940; x_wconf 86' lang='lat' dir='ltr'>veritatem,</span> <span class='ocrx_word' id='word_1_640' title='bbox 1952 2853 2014 2925; x_wconf 90' lang='lat' dir='ltr'>alii</span> <span class='ocrx_word' id='word_1_641' title='bbox 2027 2877 2113 2948; x_wconf 91' lang='lat' dir='ltr'>pro-</span> 
     </span>
    </p>
   </div>
   <div class='ocr_carea' id='block_1_14' title="bbox 1124 3045 1494 3149">
    <p class='ocr_par' dir='ltr' id='par_1_15' title="bbox 1124 3045 1494 3149">
     <span class='ocr_line' id='line_1_62' title="bbox 1124 3045 1494 3149; baseline 0 -15"><span class='ocrx_word' id='word_1_642' title='bbox 1124 3065 1224 3149; x_wconf 71' lang='lat' dir='ltr'>aem,</span> <span class='ocrx_word' id='word_1_643' title='bbox 1246 3076 1287 3134; x_wconf 82' lang='lat' dir='ltr'>ui</span> <span class='ocrx_word' id='word_1_644' title='bbox 1303 3045 1380 3133; x_wconf 72' lang='lat' dir='ltr'>aeli</span> <span class='ocrx_word' id='word_1_645' title='bbox 1395 3063 1494 3134; x_wconf 69' lang='lat' dir='ltr'>sotei</span> 
     </span>
    </p>
   </div>
   <div class='ocr_carea' id='block_1_15' title="bbox 0 0 2361 5828">
    <p class='ocr_par' dir='ltr' id='par_1_16' title="bbox 0 0 2361 5828">
     <span class='ocr_line' id='line_1_63' title="bbox 0 0 2361 5828; baseline 0 0"><span class='ocrx_word' id='word_1_646' title='bbox 0 0 2361 5828; x_wconf 95' lang='lat' dir='ltr'> </span> 
     </span>
    </p>
   </div>
   <div class='ocr_carea' id='block_1_16' title="bbox 1123 2955 2260 3054">
    <p class='ocr_par' dir='ltr' id='par_1_17' title="bbox 1123 2955 2260 3054">
     <span class='ocr_line' id='line_1_64' title="bbox 1123 2955 2260 3054; baseline -0.004 -24"><span class='ocrx_word' id='word_1_647' title='bbox 1123 2955 1235 3054; x_wconf 92' lang='lat' dir='ltr'>phani</span> <span class='ocrx_word' id='word_1_648' title='bbox 1257 2961 1481 3034; x_wconf 89' lang='lat' dir='ltr'>laetabantur</span> <span class='ocrx_word' id='word_1_649' title='bbox 1502 2960 1678 3032; x_wconf 87' lang='lat' dir='ltr'>laxatione</span> <span class='ocrx_word' id='word_1_650' title='bbox 1703 2959 1927 3034; x_wconf 89' lang='lat' dir='ltr'>vinculorum</span> <span class='ocrx_word' id='word_1_651' title='bbox 1950 2979 2112 3052; x_wconf 89' lang='lat' dir='ltr'>quorun·</span> <span class='ocrx_word' id='word_1_652' title='bbox 2245 2995 2260 3016; x_wconf 47' lang='grc' dir='ltr'><strong>κ</strong></span> 
     </span>
    </p>
   </div>
  </div>
 </body>
</html>
