4726 5818
82 255 161 335 esa
645 249 1085 332 rersroeanou
1141 253 1250 336 ern.
1282 253 1366 336 ut
1421 253 1557 356 sese.
2044 263 2121 335 sae

83 428 294 504 offenderet.
342 421 699 502 blernioiDnrsrum
713 424 905 520 pictorem,
941 425 1005 522 qni
1019 425 1078 498 di-

84 532 207 615 cebet,
233 551 270 600 se
284 529 540 602 adolescentem
559 529 598 599 in
618 528 799 622 pingendo
819 551 953 600 amasse
970 529 1080 600 miras

84 647 124 709 et
138 631 324 706 inusitatas
338 632 483 723 figuras,
509 655 606 703 nunc
619 653 739 702 senem
753 629 886 702 intueri
902 643 1079 718 naturam,

84 751 120 810 et
137 734 278 820 conari,
311 746 487 827 quantum
499 733 648 804 omnino
663 745 798 824 posset,
825 732 985 824 proxime
1002 755 1079 804 eam

84 835 239 922 imitari3
273 838 335 908 sed
348 835 565 928 experiundo
580 859 617 906 se
634 857 845 925 cognoscere
865 857 971 930 ηοεπι
986 833 1081 914 diffi-

85 938 154 1009 cile
174 938 221 1008 sit
241 963 317 1010 non
340 939 504 1011 aberrare
526 949 701 1010 enatura.
753 934 813 1006 bit
832 931 901 1007 boc
915 935 1022 1007 etiam
1040 935 1079 1006 in

85 1041 251 1118 dicendo.
302 1039 358 1114 sie
379 1051 497 1110 autem
521 1052 558 1112 et
577 1039 705 1109 modus
718 1038 932 1128 diligentiae.
988 1036 1079 1109 Nam

85 1155 124 1212 et
143 1141 234 1212 illud
250 1154 351 1214 vetus
366 1142 549 1212 laudatur:
583 1135 626 1214 τὸ
649 1134 735 1212 λίαν
750 1131 902 1235 ἀκριβὲς
916 1141 1080 1239 λογομα-

82 1238 171 1335 χίας
190 1235 314 1319 τίκτει.
365 1241 507 1332 Quaeso
532 1256 573 1314 ut
594 1241 765 1312 rescribas
785 1236 896 1327 mihi,
929 1265 976 1312 sn
1002 1263 1079 1311 mea

82 1344 333 1437 responsione,
371 1368 478 1438 quam
499 1344 567 1416 tibi
595 1344 718 1430 mitto,
753 1357 835 1414 tuae
858 1342 1080 1437 quaestiones

84 1460 268 1540 utcunque
290 1446 481 1539 explicatae
502 1446 699 1520 videantur.
757 1442 855 1516 Bene
876 1445 955 1514 vale
975 1457 1010 1516 et
1023 1469 1081 1514 re-

84 1549 210 1622 scribe.
261 1544 331 1620 Die
347 1543 409 1624 26.
426 1545 548 1642 septb.

829 1659 1030 1758 Philippus.

190 1865 388 1965 Uritatae¹)
411 1881 445 1940 et
466 1883 625 1962 receptae
644 1867 904 1961 propositiones
918 1861 985 1938 bae
998 1879 1080 1938 sunt

139 1975 179 2044 in
194 1971 367 2046 Ecclesia:
405 1964 548 2072 ὁλόγος
570 1983 622 2040 εει
635 1967 752 2051 Deus,
784 1965 804 2041 ὃ
822 1963 994 2070 λόγος.εει
1011 1964 1079 2039 bo-

137 2101 214 2163 mo;
251 2069 416 2145 Christus
448 2088 500 2146 est
530 2071 645 2158 Deus,
679 2068 844 2144 Christus
873 2085 924 2142 eet
958 2065 1078 2142 homo.

137 2176 235 2247 Haec
250 2175 376 2248 reiecta
392 2187 460 2246 est:
486 2169 650 2246 Christus
665 2187 717 2244 est
732 2187 910 2258 creatura,
935 2185 1080 2264 propter

137 2279 302 2362 insidias,
334 2275 418 2372 quia
439 2273 566 2346 Ariani
583 2275 724 2346 siccam
743 2275 1079 2366 interpretabantur,

136 2396 178 2453 ut
201 2380 378 2464 dicerent,
411 2372 479 2450 τὸν
496 2371 610 2476 λόγον
632 2377 734 2447 etiam
751 2376 828 2447 sine
842 2372 997 2446 humana
1013 2399 1078 2445 na·

16 2543 23 2562 ,
136 2498 215 2553 tura
232 2504 305 2552 esse
322 2494 517 2551 creaturam
527 2533 538 2566 ,
563 2479 686 2564 idest,
710 2501 773 2548 seu
788 2501 910 2549 vocem
926 2490 1077 2548 creatam

137 2587 281 2653 missam
299 2585 343 2652 ad
359 2577 552 2653 Ecclesiam
562 2576 612 2675 ³),
646 2603 707 2650 seu
720 2603 906 2672 personam
927 2591 1077 2650 creatam

136 2709 179 2756 ex
201 2678 318 2754 nihilo
347 2685 488 2755 missam
517 2683 561 2750 ad
585 2679 791 2753 Ecclesiam.
860 2681 1076 2774 Quanquam

135 2786 232 2857 enim
266 2782 393 2855 Ariani
425 2785 618 2855 voluerunt
651 2783 783 2864 videri,
807 2783 906 2853 aliod
945 2781 1077 2851 sentire

136 2913 242 2984 quam
260 2887 526 2958 samosatenus:
556 2885 718 2956 existimo
735 2899 873 2964 tamen,
907 2907 966 2954 eos
981 2883 1075 2953 idern

136 2985 346 3083 voluisse⁴),
383 2990 444 3059 sed
474 2987 670 3080 praestigiis
690 2987 880 3056 verborum
906 2983 1076 3056 offudisse

134 3091 268 3186 populo
282 3091 468 3181 caliginem
483 3089 705 3180 generalibus
721 3087 847 3160 verbis.
898 3084 1076 3158 Posterio-

136 3217 193 3264 res
220 3193 408 3284 scriptores
436 3191 475 3262 in
504 3191 611 3264 tertio
641 3189 736 3260 libro
761 3189 996 3279 Longobardi-
1019 3188 1076 3257 di·

135 3295 324 3367 stiuctione
340 3293 487 3384 septima
502 3293 718 3363 addiderunt
732 3305 891 3363 veterum
908 3289 994 3362 ciris
1008 3313 1074 3358 no-

133 3421 196 3468 vas
208 3409 242 3467 et
254 3396 413 3488 spinosas
425 3393 678 3475 cavillationes,
700 3417 787 3486 quas
800 3413 945 3483 prorsus
957 3392 1075 3461 omitti

132 3511 279 3593 propter
292 3495 555 3586 ambiguitatem
577 3496 686 3564 satius
703 3507 810 3578 esset,
843 3518 922 3564 cum
939 3517 995 3562 res
1014 3517 1074 3561 en-

132 3599 221 3695 poni
237 3597 317 3669 aliis
331 3597 448 3668 verbis
463 3596 645 3689 perspicue
660 3596 782 3688 possit.
832 3592 928 3666 Haec
943 3617 1075 3685 propo-
1113 3663 1116 3670 .

133 3704 217 3776 sitio
239 3700 377 3772 abillis
398 3698 629 3792 scriptoribus
651 3697 779 3768 reiecta
797 3709 858 3770 est.
910 3690 1074 3767 Christus

129 3805 171 3876 in
185 3816 357 3898 quantum
375 3795 502 3883 homo,
533 3814 691 3872 ereatura
708 3812 776 3884 est3
811 3797 879 3868 alia
899 3821 983 3867 vero
998 3819 1073 3866 non

130 3905 286 3978 multum
302 3902 484 3974 dissimilis
492 3915 630 3994 recepta
643 3897 746 3995 est⁸):
771 3893 934 3972 Christus
948 3922 1073 3970 secum

128 4010 218 4081 dum
242 4000 435 4076 humanam
453 4017 617 4075 naturam
639 3995 835 4098 creatura⁸)
856 4015 917 4073 est.
974 3997 1072 4069 Haec

130 4107 270 4182 exilitas
283 4105 563 4198 disputationum
580 4105 746 4202 fugienda
764 4118 835 4184 est,
865 4101 1071 4196 praesertim

128 4235 213 4283 cum
230 4233 285 4281 res
300 4207 403 4280 aliter
411 4207 594 4300 perspicue
608 4209 679 4278 dici
694 4205 813 4298 possit.
862 4203 982 4276 Multo
994 4225 1072 4272 ma-

128 4313 226 4384 iores
244 4325 280 4383 et
292 4309 472 4402 graviores
493 4309 584 4382 aliae
607 4308 829 4404 quaestiones
847 4319 932 4378 sunt
948 4307 991 4377 de
1015 4327 1070 4375 re:

75 4509 271 4525 Μ

109 4627 140 4696 ε)
161 4595 517 4696 summasunmna.
536 4623 565 4680 t.
583 4621 652 4679 ua.
670 4617 775 4678 cona.
798 4617 842 4674 tn.
864 4615 897 4672 r.
911 4615 946 4672 n.
969 4617 1069 4688 ..set

145 4689 249 4759 edidit,
271 4707 385 4762 ermque
399 4692 554 4764 inscripsitt
580 4692 755 4765 „Responsio
773 4687 827 4747 Hs.
840 4685 880 4742 ii.
896 4701 976 4738 anno
995 4688 1069 4740 15⁵5.

146 4764 187 4814 od
208 4761 392 4846 quqestionee'
410 4764 573 4845 proposuere
593 4757 630 4814 oi
649 4753 1069 4878 Ami.⁶'¹',⁰²&ffifl¹⁸¹⁰'⁶

144 4830 287 4960 maniae.
304 4827 873 4976 quqqaqqffiqha‘eup‘rmw'ffi
881 4831 1069 4945 nodbii'ltiisi

145 4967 367 5035 ψαμμί’*
378 4991 415 5007 ·-
448 4967 520 5021 Poto
532 4965 736 5022 blelsntbooem
750 4969 876 5034 uterque,
892 4970 920 5015 et
932 4957 1069 5018 liuebbol·

145 5053 211 5090 seso
225 5045 251 5090 et
266 5035 358 5090 cereo
374 5033 489 5102 eandem
502 5035 634 5108 pagellam
650 5033 764 5088 misisse.

105 5139 137 5210 8)
159 5139 280 5196 mam
294 5139 335 5194 ed
347 5137 466 5208 sadoc]
481 5137 544 5196 Pes.
556 5155 613 5196 eoa
626 5135 716 5194 babet.

1182 425 1270 522 quid
1292 425 1338 500 sit
1360 419 1487 528 λόγος,
1514 451 1560 499 an
1579 431 1625 500 sit
1644 423 1899 528 interciperet
1917 427 2121 527 ὃμοούοιον

1179 532 1236 624 τη·
1251 523 1374 619 πατρί.
1426 527 1496 599 Hic
1514 529 1624 602 simus
1641 533 1845 624 vigilantes,
1879 550 1913 608 et
1928 559 2047 605 veram
2063 537 2121 606 in-

1181 631 1402 710 vocationem
1438 632 1657 712 retineamus
1690 649 1811 708 contra
1842 634 2124 725 samosatenum,
2213 657 2219 672 ‘
2334 691 2336 708 .

1180 727 1330 818 Arium,
1374 728 1642 820 Mabometum,
1693 733 1878 808 Servetum
1918 753 1952 822 et
1992 739 2125 808 similes

1179 833 1471 925 praestigiatores.
1544 833 1700 926 Vagatur
1725 839 1762 906 in
1795 837 1943 909 Polonia
1976 839 2122 934 quidam

1180 928 1426 1022 Ιοίλίεοοεοσε,Ι
1446 935 1507 1029 qui
1524 936 1724 1022 Servelica,
1754 939 1791 1008 id
1806 953 1858 1014 est
1873 938 2123 1030 Mabometica,

1181 1031 1265 1134 περὶ
1289 1030 1402 1136 λόγου
1425 1039 1575 1129 spargit,
1610 1052 1646 1112 et
1664 1063 1745 1116 curn
1765 1041 1858 1122 liber
1871 1029 2017 1114 excusus
2032 1059 2123 1116 esset

1181 1133 1590 1234 CracoviaeRososilus
1605 1141 1782 1232 sapienter
1796 1138 1979 1235 prohibuit
1990 1145 2120 1236 editio7

1181 1263 1275 1310 nem.
1325 1237 1474 1312 Decrevi
1496 1255 1530 1314 et
1551 1237 1633 1340 περὶ
1662 1233 1776 1340 λόγου
1805 1257 1839 1314 et
1860 1240 1943 1340 περὶ
1965 1243 2119 1336 μεσίτου

1181 1344 1286 1413 edere
1305 1343 1506 1413 testimonia
1530 1367 1572 1414 ex
1596 1343 1734 1436 scriptis
1754 1341 1969 1438 propheticis
1985 1361 2018 1417 et
2034 1372 2121 1440 apo·

1180 1443 1314 1515 stolicis
1327 1445 1482 1516 collecta.

1242 1543 1296 1615 De
1310 1545 1419 1616 altera
1436 1545 1639 1642 quaestione
1654 1557 1746 1618 recte
1760 1547 1891 1618 dicitur
1905 1562 1940 1620 et
1952 1547 2029 1618 sine
2044 1571 2120 1616 am-

1179 1643 1368 1736 biguitate:
1397 1673 1490 1718 nova
1509 1647 1709 1719 obedientia
1728 1663 1779 1720 est
1798 1649 1940 1720 effectus
1956 1647 2024 1719 Dei
2034 1645 2063 1746 ²)
2081 1651 2120 1720 in

1178 1747 1301 1830 nobis,
1328 1749 1417 1819 sicut
1431 1749 1566 1820 dictum
1581 1763 1648 1822 est:
1670 1743 1792 1832 ὅθεός
1808 1747 1940 1824 ἐστινὸ
1957 1749 2119 1849 ἐνεργῶν

1181 1847 1221 1921 ἐν
1240 1843 1333 1942 ἡμῖν
1353 1845 1417 1922 καί
1440 1846 1484 1922 τὸ
1503 1847 1626 1924 θέλειν
1647 1847 1711 1923 καὶ
1731 1847 1774 1924 τὸ
1795 1853 1967 1954 ἐνεργεῖν.
2017 1853 2118 1950 -Ιιεπε

1179 1945 1309 2041 Ephes.
1320 1953 1372 2022 2.:
1398 1947 1453 2032 οἷς
1467 1948 1739 2046 προητοίμασεν
1756 1949 1776 2025 ὁ
1791 1947 1879 2036 θεός
1888 1969 1969 2036 ειε.,
1996 1955 2032 2024 id
2050 1969 2118 2025 est:

1181 2075 1271 2146 quae
1285 2053 1519 2144 praeparavit.
1544 2052 1593 2125 Et
1606 2059 1756 2152 πρῶτον
1771 2056 1892 2130 αἴτιον
1907 2070 1958 2127 εει
1973 2069 2045 2126 tota
2061 2057 2119 2124 di-

1183 2153 1323 2224 vinitas.
1374 2148 1459 2245 Agit
1471 2169 1588 2224 autern
1603 2171 1703 2248 pater
1716 2181 1779 2250 per
1793 2157 1908 2228 lilium
1922 2159 2119 2242 docentem,

1181 2254 1242 2348 qui
1257 2253 1391 2349 iuquit:
1423 2279 1485 2346 ego
1501 2279 1579 2326 sum
1594 2257 1696 2342 vitis,
1721 2281 1785 2328 vos
1804 2259 1981 2350 palmites;
2008 2273 2041 2329 et
2057 2281 2119 2348 pcr

1179 2354 1353 2446 Spiritum
1381 2373 1542 2429 sanctum
1564 2360 1811 2430 accendentem
1841 2363 1958 2430 corda.
2035 2357 2119 2430 ldeo

1180 2457 1268 2529 dicit
1281 2455 1413 2528 Paulus
1427 2459 1562 2530 fructus
1579 2458 1746 2552 Spiritus.
1797 2457 1938 2532 Deinde
1954 2474 2047 2530 recte
2062 2463 2119 2530 ‹li-

1180 2558 1289 2629 citur:
1329 2583 1421 2630 nova
1445 2561 1647 2631 obedientia
1671 2573 1724 2633 est
1747 2561 1899 2646 effectus,
1914 2563 2019 2648 fidei,
2054 2564 2120 2632 etsi

1179 2660 2119 2754 magispropriedicitureffectusDeicomitansfidem;

1177 2763 1239 2832 sed
1248 2775 1366 2833 tamen
1376 2775 1409 2833 et
1418 2761 1550 2834 Paulus
1559 2764 1645 2836 dicit
1658 2761 1779 2846 πίστις
1793 2762 2038 2864 ἐνεργουμένη
2054 2759 2121 2838 διὰ

1178 2855 1336 2962 ἀγάπης.
1388 2859 1471 2934 Alia
1486 2865 1599 2936 forma
1616 2867 1709 2958 parit
1725 2869 1992 2959 disputationes.
2042 2864 2118 2938 No-

1177 2989 1221 3034 va
1246 2965 1448 3036 obedientia
1470 2979 1522 3037 est
1544 2967 1624 3036 finis
1644 2967 1739 3042 fidei.
1795 2969 1852 3040 De
1875 2983 2117 3040 consummata
2154 3007 2157 3014 ·

1177 3065 1378 3138 obedientia
1400 3091 1524 3138 verum
1548 3082 1616 3153 est,
1639 3069 1730 3141 sicut
1744 3067 1870 3140 Petrus
1886 3071 2020 3164 inquit:
2053 3093 2117 3142 κο·

1176 3163 1367 3261 μεζόμενοι
1380 3162 1424 3240 τὸ
1439 3165 1540 3250 τέλος
1555 3173 1620 3264 τῆς
1633 3165 1797 3252 πίστεως.
1846 3167 1895 3242 Et
1909 3197 2032 3242 verum
2048 3188 2115 3244 est:

1176 3268 1263 3340 Ideo
1277 3271 1344 3340 lide
1364 3270 1555 3362 accipimus
1579 3271 1924 3358 reconciliationem,
1954 3286 1995 3343 ut
2013 3297 2116 3364 proc-

1176 3393 1237 3442 sus
1253 3371 1368 3442 deleto
1383 3385 1524 3464 peccato
1541 3385 1576 3444 et
1589 3375 1703 3445 deleta
1718 3385 1831 3444 morte
1851 3373 1961 3446 simus
1975 3373 2058 3446 iusti
2075 3375 2114 3444 in

1174 3471 1246 3542 vita
1263 3487 1404 3543 aeterna
1417 3473 1552 3564 integra
1569 3475 1714 3547 iustitia.
1763 3472 1811 3546 Et
1827 3473 1880 3544 ibi
1896 3476 2039 3566 conguit
2056 3499 2114 3545 ar-

1174 3588 1397 3662 gumentum:
1433 3575 1516 3645 tiois
1540 3589 1593 3647 est
1613 3575 1741 3646 melior
1762 3599 1868 3670 quam
1900 3599 1977 3662 res,
2022 3599 2113 3670 quae

1173 3676 1350 3746 antecedit
1372 3677 1498 3762 linem,
1533 3689 1574 3747 ut
1597 3673 1767 3748 habitatio
1790 3678 1917 3748 melior
1937 3691 1990 3748 est
2005 3701 2113 3772 quam

1173 3777 1321 3863 domus,
1351 3799 1436 3847 usus
1455 3778 1581 3850 melior
1604 3791 1655 3850 cst
1676 3803 1782 3872 quam
1805 3779 1950 3850 materia
1970 3803 2113 3872 praece-

1174 3878 1274 3952 dens.
1322 3873 1479 3950 Perfecta
1499 3881 1640 3952 novitas
1661 3903 1724 3950 seu
1739 3881 1871 3952 iustitia
1886 3881 1979 3952 vitae
2000 3895 2113 3951 aeter-

1172 4003 1239 4049 nae
1255 3979 1434 4052 antecellit
1451 3981 1546 4056 fidei.
1596 3980 1666 4053 Sed
1681 3983 1725 4052 de
1744 3977 1972 4052 inchoatione
1989 3981 2028 4050 in
2043 3976 2110 4050 hac

1173 4080 1244 4150 vita
1260 4103 1334 4149 non
1351 4081 1401 4150 sic
1415 4083 1614 4176 loquimur:
1642 4078 1812 4154 inchoata
1828 4084 2027 4154 obedientia
2044 4107 2110 4153 an·

1173 4182 1304 4254 tecellit
1316 4180 1410 4254 fidei.
1440 4181 1588 4256 Possent
1601 4179 1685 4255 haec
1698 4183 1802 4254 etiam
1813 4185 1978 4257 subtilius
1987 4185 2110 4277 dispu-

1172 4284 1257 4368 tari,
1290 4286 1351 4354 sed
1375 4297 1557 4356 teneamus
1579 4287 1670 4355 illud
1694 4298 1809 4356 vetus:
1849 4281 2111 4380 inediamque

1169 4380 1233 4458 nni
1241 4381 1480 4481 σαφέστερον.
1516 4386 1608 4460 Usus
1620 4403 1671 4460 est
1685 4387 1811 4457 melior
1825 4413 1932 4482 quam
1949 4389 2110 4459 materia.

1170 4485 1240 4560 Sed
1257 4489 1301 4556 de
1315 4487 1486 4559 efficiente
1500 4489 1549 4558 sic
1564 4487 1637 4558 dici
1650 4483 1761 4581 non⁸)
1776 4503 1908 4581 potest:
1933 4513 2018 4560 usus
2035 4511 2109 4560 non

1171 4601 1224 4660 est
1246 4588 1373 4658 melior
1394 4589 1565 4660 efficiente
1585 4611 1707 4673 causa,
1738 4603 1778 4661 ut
1794 4588 1890 4661 Deus
1907 4603 1961 4661 est
1983 4591 2112 4661 melior

1170 4691 1320 4763 mundo.
1377 4687 1484 4761 Mens
1513 4685 1740 4762 Archimedis
1767 4703 1819 4761 est
1843 4691 1972 4762 melior
2003 4715 2110 4786 quam

1170 4785 1335 4861 machina
1351 4790 1531 4864 fabricata.
1574 4791 1645 4866 Sed
1659 4793 1705 4865 sit
1718 4793 1845 4862 modus
1859 4793 2109 4868 subtilitatum.

1168 4885 1219 4962 Et
1238 4891 1390 4964 libenter
1413 4895 1458 4970 de
1483 4895 1650 4966 omnibus
1684 4892 1814 4965 nostris
1843 4895 2110 4988 quaestionibus

1168 4993 1322 5065 aliorum
1336 4994 1478 5090 piorum
1496 5011 1531 5069 et
1542 4996 1764 5068 eruditorum
1781 4995 1911 5068 iudicia
1926 4995 2046 5071 audio.

1701 5107 1891 5208 Philippus
1917 5113 2005 5186 Mel.

104 5244 137 5306 l)
159 5239 231 5295 God.
246 5238 312 5296 Per.
323 5242 386 5293 ideo
398 5243 532 5295 νοὶυίεεε.

104 5343 138 5413 5)
158 5340 249 5396 Verba
261 5339 387 5395 Messe
399 5344 429 5394 in
443 5349 586 5412 qnantum
598 5349 650 5400 etc.
670 5340 734 5397 eod.
750 5335 812 5394 l'sr·
825 5355 883 5393 non
896 5335 985 5396 tatu.

103 5445 137 5517 6)
154 5441 301 5512 nemo]
320 5441 382 5498 eod.
399 5439 464 5498 l’ar.
476 5453 602 5498 erectus.

1120 5275 1338 5294 ’.ιιι-...ο

1152 5357 1181 5426 7)
1199 5357 1268 5428 Des]
1286 5359 1339 5414 cod
1355 5357 1442 5420 Parit.
1449 5361 1531 5432 fidet.

1152 5444 1183 5514 dl
1204 5447 1312 5501 eiectos·
1321 5451 1394 5512 non]
1411 5446 1476 5504 eod.
1493 5445 1584 5503 Perire
1607 5449 1771 5519 cliterds'ei,
1787 5449 2056 5523 praemineres.
