4712 5828
80 233 157 308 297

91 403 158 474 No·
174 401 287 479 6612.

87 500 298 540 Μ

638 227 1077 309 EPISTOLARUM
1129 227 1237 308 LlB.
1264 229 1347 306 llll.
1401 231 1531 310 1554.
2037 235 2112 310 298

741 417 800 484 28.
817 409 892 476 Maii
905 409 1069 493 (Naamb.)
1120 414 1239 472 vetera
1254 415 1288 473 et
1308 403 1459 474 recentia
1486 425 1609 494 magna
1633 405 1760 474 scelera
1784 405 1921 476 duriter
1942 430 2113 500 quassan-

752 507 1066 552 Μ
1118 516 1179 573 tur
1204 517 1238 572 et
1261 505 1408 595 imperia
1428 519 1461 574 et
1482 502 1673 577 Ecclesiae.
1734 505 1805 576 Nec
1826 521 1964 578 tantum
1993 510 2109 578 rabies

413 584 480 674 Ῑθ.
512 587 724 707 Sit'yelt'o.
1117 605 1402 676 adversariorum
1429 621 1630 676 nostrornm
1663 621 1698 678 et
1720 609 1914 698 petulantia
1945 609 2108 700 ingenio-

147 747 575 826 nsneeppaasuganpao.
611 749 854 811 consonus
870 754 981 826 eures.
1117 729 1216 790 rum,
1250 710 1309 776 sed
1336 709 1439 826 {⁶³⁰¹
1468 703 1616 827 αὖλῇκαὶ
1643 703 2001 828 ”lllffll’aylfwllm
2030 726 2108 780 ‘¹¹¹2

1117 807 1200 876 bant
1218 806 1404 882 Ecclesias.
1457 807 1668 880 inclamatur
1684 813 1821 903 bynodr
1837 835 1913 880 stne
1931 813 2105 904 graberua-

75 903 303 982 Clarissimo
327 909 421 996 viro,
454 909 618 1002 ingenio,
651 905 854 980 eruditione
883 921 914 982 et
939 911 1067 983 virtute
1117 921 1203 978 tore.
1255 907 1439 980 Hassiaci
1459 907 1527 980 huc
1550 925 1744 996 venerunt,
1768 925 1801 981 et
1823 907 2106 982 isthncSleida-

74 1011 306 1109 praestanti,
340 1007 395 1086 D.
422 1005 603 1080 Ioanni
625 1007 854 1106 Stigelio,
885 1018 941 1110 τῷ
974 1015 1065 1110 Θεῷ,
1116 1008 1543 1102 nuspraeterhosetme
1565 1027 1598 1082 et
1619 1013 1893 1104 meos-collegas
1914 1037 2020 1084 nemo
2041 1020 2104 1084 aad·

75 1111 139 1188 eat
163 1117 247 1195 ταῖς
269 1106 464 1200 Μούσαις,
502 1107 679 1208 φιλτάτῳ,
707 1113 835 1215 fratri
857 1138 926 1186 suo
950 1117 1066 1186 caris-
1115 1111 1192 1184 fuit.
1244 1111 1348 1183 Nunc
1364 1115 1472 1184 audio'
1492 1113 1611 1184 moliri
1628 1115 1818 1208 quosdam,
1843 1129 1884 1186 ut
1907 1116 1976 1184 alia
1998 1139 2104 1210 syno-

451 1237 565 1296 semo,
592 1215 627 1288 S·
642 1216 688 1290 D.

74 1339 235 1424 Doctiss.
253 1351 309 1418 vir
325 1363 360 1420 et
377 1349 493 1420 cariss.
508 1351 627 1424 frater.
679 1347 761 1420 Non
776 1352 805 1420 si
828 1365 966 1424 tantum
982 1353 1065 1422 ltin-

75 1455 157 1522 dere
171 1454 408 1546 lacrymarum
424 1475 579 1544 possem,
605 1467 778 1545 quantum
796 1457 973 1524 undarum
988 1455 1066 1524 vol-

74 1555 126 1624 vit
141 1549 200 1623 bic
217 1553 299 1624 Sala
315 1567 446 1634 vester,
473 1553 578 1622 dolor
594 1578 690 1624 meus
706 1554 811 1626 leuiri
833 1571 969 1648 posset,
994 1581 1064 1650 quo
1262 1621 1270 1637 ,

71 1656 220 1726 adficior
244 1653 386 1724 intuens
410 1649 501 1725 hanc
523 1655 636 1746 ripam
654 1653 757 1726 Salae
780 1669 815 1727 et
839 1659 994 1748 cogitans
1015 1682 1065 1742 ea,
1113 1633 1183 1707 ἕω
1217 1642 1290 1690 ⁶⁰¹⁸
1325 1635 1476 1712 P⁰⁵⁵⁰¹¹¹·

72 1781 164 1852 quae
178 1756 404 1841 acciderunt,
430 1771 464 1826 ct
479 1781 599 1827 causas
614 1781 756 1842 eorum,
778 1773 963 1854 postquam
978 1759 1063 1828 olim

72 1873 210 1944 tecum,
236 1871 271 1928 et
288 1883 368 1927 cum
382 1859 460 1927 aliis
475 1859 616 1943 amicis,
641 1882 730 1952 quos
752 1853 867 1931 adhuc
882 1885 964 1930 vere
981 1861 1063 1930 dili-

72 1985 137 2052 go,
164 1963 203 2028 in
220 1955 700 2052 hacripasuavissimevixi.
750 1958 956 2032 Necsolum
976 1978 1064 2082 tem:
1112 2037 1152 2096 ut
1174 2025 1290 2094 exules
1308 2021 1472 2120 Andos,
1498 2039 1532 2094 et
1547 2019 1695 2094 Petrum
1711 2020 1922 2120 Mamm
1941 2039 2101 2097 „mum

72 2085 139 2154 pus
160 2085 217 2130 res
239 2057 412 2131 humanas
435 2075 566 2148 mutat,
599 2074 639 2132 ut
660 2062 698 2130 in
725 2085 828 2133 versu
851 2061 1061 2133 Nazianzem

72 2165 223 2234 dicitur:

163 2285 270 2356 πάντα
288 2285 403 2377 χρόνος
423 2299 580 2358 neoooioee
601 2288 697 2376 ὁμοία
717 2288 791 2378 τῇδε
813 2295 954 2378 soterici,

74 2415 135 2483 sed
161 2427 283 2484 nostra
316 2411 434 2504 potius
465 2413 611 2498 delicta,
653 2437 744 2506 quae
776 2415 961 2506 deplorare
988 2437 1061 2482 non

74 2513 181 2589 cesso.
232 2513 305 2584 Nec
319 2515 424 2584 multi
440 2529 539 2599 sunt,
565 2515 794 2607 cumquibus
810 2517 965 2610 colloqui
980 2515 1062 2585 licet

73 2621 115 2686 de
140 2613 199 2686 bis
219 2616 306 2708 ipsis
325 2616 441 2690 malis.
491 2614 563 2688 Sed
587 2617 743 2708 reprimo
760 2642 838 2687 me.
890 2617 931 2689 si
954 2613 1060 2687 hodie

76 2715 188 2788 Suari
207 2743 282 2788 non
308 2719 472 2803 venient,
497 2731 539 2788 ut
559 2719 768 2799 ratiocinor,
797 2743 870 2789 non
893 2733 1060 2788 venturos

74 2845 164 2904 esse,
191 2843 267 2890 cras
281 2815 384 2905 hinc,
409 2817 485 2890 Deo
501 2821 664 2905 iuvante,
688 2821 919 2897 discedemus.
958 2818 1059 2890 Ami.
1109 2797 1174 2870 ΝΟ·
1189 2793 1305 2872 5614·

73 2924 191 2991 citiam
212 2945 296 2990 vero
313 2937 469 2994 nostram
486 2923 569 2992 volo
586 2935 791 3014 perpetuam
809 2947 900 3008 esse,
927 2947 995 3017 qua
1020 2921 1058 2990 in

74 3023 214 3092 coelesti
233 3023 486 3092 consuetudine
507 3023 677 3097 fruemur.
728 3019 777 3094 Et
800 3039 917 3094 tamen
939 3017 1060 3092 iubae

73 3127 144 3196 vita
160 3125 268 3194 etiam
281 3137 394 3214 potest
408 3121 563 3214 Reipub.
580 3149 719 3210 eorum,
741 3125 803 3219 qui
821 3128 961 3211 docent,
987 3147 1060 3193 esse

73 3227 290 3298 coniunctio.
341 3223 395 3295 De
417 3227 633 3314 gravissimis
654 3227 956 3317 disputationibus
980 3249 1059 3296 curn

73 3329 148 3398 viro
166 3327 371 3398 doctissimo
392 3339 427 3396 et
442 3329 575 3419 optimo
593 3326 638 3398 D.
654 3323 814 3426 Sneppio
829 3323 857 3423 ¹)
878 3330 1061 3422 colloquar

72 3431 285 3523 aliquando,
310 3428 446 3498 etiamsi
467 3453 563 3499 nunc
579 3423 650 3499 huc
670 3455 744 3499 non
759 3429 904 3503 accedit.
956 3428 1061 3501 Salu-

73 3543 142 3600 tem
157 3532 226 3624 ipsi
240 3543 276 3600 et
291 3530 413 3600 ceteris
430 3531 593 3620 collegis,
618 3543 652 3601 ct
665 3531 765 3600 vobis
783 3531 950 3600 omnibus
966 3543 1061 3621 opto.

72 3629 170 3702 Bene
186 3647 221 3704 et
234 3631 384 3706 feliciter
395 3631 493 3719 vale,
519 3635 576 3703 die
589 3633 651 3706 20.
668 3631 757 3702 Maii
775 3629 816 3725 ²).
868 3631 1061 3721 Naoburgi.¹

86 3779 93 3792 ·
581 3731 770 3827 Philippus
785 3728 1011 3805 Melanthea.

75 3943 148 3954 ..ι-
165 3943 278 3952 ..υ-ιι...

72 4068 138 4144 No.
150 4067 266 4148 5613.

73 4165 243 4194 Nm

373 4238 443 4324 Io.
474 4237 758 4326 Maebacbio.

139 4401 220 4457 Edita
241 4401 272 4456 io
289 4401 335 4456 Io.
354 4399 464 4456 Fecistii
477 4398 572 4456 bistor.
590 4400 688 4458 eccles.
704 4419 760 4458 sec.
771 4399 845 4458 xvt.
862 4399 951 4476 suppl.
968 4417 995 4472 p.
1008 4399 1053 4456 59.

71 4553 100 4628 Ι
105 4553 174 4630 oh.
198 4553 256 4630 M
261 4550 471 4631 arbachi
477 4581 515 4640 o,
542 4553 686 4628 docenti
704 4555 856 4654 Erang.
879 4557 919 4630 in
936 4553 1064 4627 Eccle-

453 4657 514 4731 sia
530 4661 683 4756 Argent.

696 3941 911 3954 mma-uo·-
919 3941 1062 3954 και-ιιι...-

73 4778 120 4863 S.
147 4794 194 4866 D.
234 4793 445 4866 Reverende
462 4793 565 4864 viret
582 4793 759 4864 carissime
774 4793 892 4867 scater.
934 4789 1062 4864 Fatum

1115 1214 1181 1282 dus
1197 1214 1384 1289 indicatur.
1423 1215 1567 1287 Utinam
1581 1215 1757 1306 principes
1769 1217 1936 1287 audirent
1956 1217 2104 1288 meliora

1114 1313 1272 1390 consilia.
1325 1315 1378 1388 Te
1394 1341 1497 1409 rogo,
1519 1330 1559 1386 ut
1573 1312 1660 1384 mihi
1676 1341 1781 1408 quam
1799 1319 1953 1408 primum
1970 1320 2102 1388 scribas

1114 1430 1214 1486 tuum
1247 1417 1417 1488 iudicium
1452 1420 1496 1486 de
1529 1413 1596 1488 boc
1624 1432 1746 1488 nostro
1779 1419 1881 1488 brevi
1911 1419 2101 1512 colloquio.

1114 1515 1248 1608 Scripsi
1267 1521 1362 1588 enim
1383 1520 1642 1603 narrationem,
1667 1532 1709 1588 ut
1730 1519 1859 1588 referre
1882 1519 2017 1613 aliquid
2033 1519 2103 1590 Le-

1527 1617 1575 1690 Et
1608 1643 1809 1714 quanquam
1844 1621 2101 1714 simplicissime

1113 1720 1233 1790 omnia
1248 1723 1376 1814 scripta
1390 1736 1492 1807 sunt,
1515 1735 1633 1792 tamen
1649 1721 1843 1791 calumnias
1858 1735 1988 1798 metuo.
2028 1721 2102 1794 Ve-

1113 1835 1205 1892 strae
1219 1821 1395 1894 Ecclesiae
1407 1839 1440 1894 et
1454 1823 1536 1894 urbi
1558 1823 1849 1916 tranquillitatem
1863 1837 1960 1912 opto,
1985 1837 2020 1894 et
2034 1847 2099 1894 oro

1112 1923 1226 1993 lilium
1248 1921 1333 2010 Dei,
1358 1939 1399 1995 ut
1425 1949 1487 1995 vos
1509 1939 1542 1994 et
1566 1946 1630 1992 nos
1652 1925 1833 2011 gubernet.
1885 1920 1963 1996 Oro
1984 1925 2101 2010 ctiam,

1112 2125 1354 2218 complectaris
1368 2125 1415 2223 *).
1468 2126 1538 2218 lpsi
1554 2125 1659 2196 etiam
1674 2127 1799 2220 scripsi
1815 2142 1850 2198 et
1871 2153 1950 2198 eum
1966 2123 2101 2200 adhor-

1112 2241 1168 2297 tor
1202 2230 1248 2298 ad
1281 2233 1450 2298 tuendam
1484 2227 1663 2298 Ecclesiae
1694 2241 1829 2299 vestrae
1862 2229 2100 2300 concordiam.

1110 2326 1208 2398 Bene
1227 2329 1314 2404 vale.
1364 2327 1433 2400 Die
1457 2329 1520 2404 29.
1542 2325 1644 2403 Maii.

1847 2425 2047 2524 Philippus.

1178 2610 1187 2627 X

1928 2809 1986 2872 29.
2001 2799 2084 2866 lllaii.

1924 2891 2095 2926 Μ

1412 2981 1550 3068 Henr.
1582 2981 1792 3069 Mollem.

1177 3160 1198 3224 i·
1215 3155 1254 3210 Ex
1266 3174 1360 3230 apogr.
1370 3156 1400 3212 in
1413 3157 1475 3216 eod.
1487 3155 1574 3213 Paris.
1591 3155 1628 3212 D.
1642 3157 1673 3212 1..
1686 3156 1747 3210 54³.
1853 3235 1856 3240 1

1115 2893 1287 2924 ’,Ν

1141 3307 1287 3384 Virtute
1318 3321 1349 3382 et
1378 3307 1580 3382 eruditione
1612 3309 1836 3408 praestanti,
1876 3304 2075 3406 Magistro

1137 3411 1343 3486 Henrico
1374 3409 1917 3532 Mollcroflamburgensi,
1949 3411 2078 3512 fratri

1476 3540 1506 3587 s.
1529 3539 1732 3588 carissimo.

1114 3647 1161 3737 S.
1181 3662 1227 3738 D.
1276 3663 1464 3734 Carissime
1479 3663 1645 3739 Henrice.
1697 3665 1825 3736 Fatum
1838 3660 1906 3736 hoc
1923 3677 2100 3736 estextre-

1113 3789 1191 3836 mae
1215 3778 1372 3836 senectae
1394 3768 1538 3848 muudi,
1562 3769 1657 3860 quod
1683 3780 1826 3859 propter
1849 3767 1959 3837 multa
1982 3779 2100 3836 vetera

1115 3879 1150 3938 et
1169 3869 1322 3938 recentia
1345 3891 1471 3956 magna
1498 3869 1626 3939 scelera
1649 3863 1870 3939 horribiliter
1890 3881 2101 3962 quassantur

1116 3982 1149 4038 et
1164 3967 1313 4060 lmpcria
1328 3982 1363 4040 et
1377 3961 1574 4056 Ecclesiae,
1599 3984 1641 4040 ut
1655 3971 1810 4040 vidimus
1832 3971 1969 4062 aliquot
1985 3991 2100 4036 anno-

1115 4095 1195 4140 rum
1211 4071 1403 4158 tumultus,
1428 4085 1462 4142 et
1477 4073 1577 4165 quasi
1601 4072 1742 4164 euripos
1766 4072 1872 4140 miras
1888 4069 2101 4138 vicissitudi-

1116 4195 1188 4241 nes.
1221 4169 1344 4265 ltaque
1359 4186 1394 4243 et
1408 4175 1653 4243 confirmemus
1670 4175 1819 4255 animos,
1844 4185 1885 4242 ut
1899 4171 1989 4238 ferre
2004 4193 2101 4238 com-
2173 4233 2179 4244 ,

1115 4297 1240 4344 munes
1255 4299 1440 4344 aerumnas
1459 4276 1652 4358 discamus,
1678 4287 1711 4342 et
1727 4287 1887 4362 petamus
1908 4271 2017 4341 alilio
2034 4267 2102 4339 Dei

1117 4376 1380 4465 mitigationem.
1435 4373 1490 4446 De
1511 4391 1572 4445 tuo
1593 4387 1690 4466 patre
1713 4397 1815 4465 saepe
1838 4373 1878 4442 in
1894 4368 1949 4442 his
1968 4371 2102 4464 patriae

1115 4489 1196 4545 tuae
1217 4477 1380 4566 periculis
1405 4475 1565 4564 cogitavi.
1612 4473 1685 4544 Nec
1708 4487 1845 4545 tantum
1877 4473 2102 4563 ingeniorum

1115 4577 1308 4668 petulantia
1333 4569 1402 4672 [et]
1427 4576 1541 4644 rabies
1565 4576 1862 4659 adversariorum,
1903 4575 1964 4643 sed
1996 4575 2102 4643 etiarn

1116 4674 1156 4748 αἱ
1180 4671 1327 4749 edisseni
1354 4670 1712 4776 πολυπραγμοσύναι
1739 4673 1914 4746 Ecclesiae
1944 4676 2102 4746 turbant.

1114 4777 1188 4850 Cur
1203 4775 1261 4848 hic
1278 4793 1471 4848 conventus
1488 4781 1532 4848 ad
1549 4778 1667 4850 Salam
1686 4778 1840 4848 indictus
1857 4777 1919 4860 sit,
1945 4801 1990 4845 ne
2008 4800 2103 4845 nttnc

73 4889 141 4966 hoe
169 4909 220 4967 est
252 4909 428 4966 extremae
461 4907 620 4965 senectae
653 4895 797 4982 mundi,
827 4907 1065 4990 quopropter
1116 4881 1258 4973 quidem
1282 4881 1365 4950 scio.
1413 4879 1530 4949 Hodie
1552 4881 1678 4970 igitur,
1702 4877 1778 4948 Deo
1796 4879 1958 4961 iuvante,
1989 4878 2104 4946 disce-

104 5107 131 5174 l)
152 5103 243 5159 Dane-
261 5104 430 5170 Schneppio.

104 5193 132 5262 Ξ)
152 5188 399 5246 penetotius
418 5191 517 5261 scripte
537 5207 594 5242 esse
614 5197 703 5260 potest
738 5206 824 5259 quun
841 5207 874 5243 eo
891 5187 937 5243 die
951 5187 1063 5243 Melso-

137 5262 206 5315 tbon
223 5259 432 5329 Neaethus-gum
448 5256 568 5322 venerit,
585 5259 633 5312 sed
652 5259 680 5311 in
702 5228 756 5312 bne
777 5257 935 5312 &oreatus
955 5255 1062 5310 Naum·

136 5330 293 5400 burgensis.
330 5325 401 5381 Puto
415 5325 499 5398 igitur
510 5327 537 5380 iu
557 5345 672 5381 numero
685 5327 729 5383 20.
748 5327 882 5382 mendum
899 5323 1060 5400 typographi

139 5417 197 5453 esse
214 5395 420 5469 agnoscendum
433 5405 461 5452 et
478 5394 668 5452 scribendum
683 5396 727 5452 28.
741 5393 818 5450 Maii.

1116 4985 1215 5067 dam,
1248 4985 1293 5052 ad
1317 5005 1380 5052 vos
1402 4996 1495 5052 recta
1515 4983 1648 5062 iturus,
1682 4983 1778 5074 quod
1808 4979 1983 5050 indicabis
2005 5002 2102 5046 meae

1116 5145 1341 5163 Μ

1147 5251 1177 5319 *J
1198 5239 1239 5306 lte
1256 5247 1341 5302 Petro
1354 5247 1436 5302 Mart.
1450 5257 1476 5300 et
1490 5245 1661 5300 &antediem
1674 5245 1801 5309 (lebino,
1821 5245 1868 5317 qui
1881 5255 1994 5316 propter
2006 5265 2101 5318 perse-

1183 5318 1305 5376 cutiones
1324 5315 1470 5440 ‘Emffl'if
1494 5315 1619 5398 abierunt
1643 5335 1716 5369 anno
1734 5314 1809 5369 1555.
1835 5325 1860 5368 et
1886 5317 2100 5385 Argentoratum

1181 5396 1328 5454 venerunt,
1343 5385 1394 5440 ud.
1438 5386 1526 5440 eadent
1541 5394 1690 5440 comment.
1709 5401 1737 5456 p.
1747 5384 1809 5440 800.
1846 5415 1851 5426 ·
