4682 5822
104 333 106 338 ,
209 245 286 322 499
781 235 1215 320 Ertsronttttttt
1267 239 1482 323 stutttt
1534 242 1666 324 1⁶55.
2183 237 2254 316 599

211 429 337 485 omnes
350 417 465 480 servet
478 417 513 478 et
530 401 788 500 gubernet''*).
840 407 922 500 Quo
938 407 1015 494 die,
1040 406 1208 478 videlicet
1258 433 1338 484 mm
1355 422 1390 482 et
1406 409 1451 478 de
1464 409 1640 482 moribus:
1664 410 1792 482 ordine
1807 409 1913 481 etiam
1931 409 2095 482 omnium
2116 423 2257 500 tempe-

212 509 361 598 stanti,
387 523 469 580 ante
486 533 600 580 annos
619 509 717 580 1952
734 511 772 580 in
787 533 904 602 pugna
920 511 1104 582 Leuctrica
1118 509 1210 580 lilia-
1259 535 1339 583 rum
1370 505 1556 582 historiam
1585 525 1704 584 mente
1739 514 1943 604 complexus
1974 526 2036 582 est.
2087 509 2161 582 Nec
2190 511 2259 582 alia

213 637 296 686 rum
311 611 455 684 Scedasi
468 623 589 706 stupra
604 626 639 683 et
654 637 776 682 necem
792 613 889 685 Deus
903 612 1057 706 punivit,
1085 613 1209 684 eodem
1260 636 1362 684 causa
1384 613 1471 696 luit,
1505 639 1568 684 cur
1586 614 1881 684 Franeolurdiam
1903 617 1946 683 ad
1965 611 2124 684 Oderam
2150 611 2257 682 sitam

216 716 274 788 die
296 713 418 784 literas
439 727 517 786 tuas
538 715 654 808 accepi
677 717 721 786 de
737 715 885 800 scelere,
910 716 1006 808 quod
1030 713 1084 782 illi
1097 713 1212 784 Laco-
1261 713 1462 801 accesserit,
1489 716 1562 784 nisi
1585 711 1689 798 baec,
1722 717 1838 809 quod,
1870 740 1950 786 cum
1972 715 2042 786 viri
2057 712 2258 785 Clarissimi

217 817 300 889 nico
323 817 438 886 simile
462 839 535 886 esse
552 817 760 908 accepimus.
811 812 1070 888 Cohorruimus
1092 816 1212 904 legen·
1261 811 1399 886 Sabini
1412 817 1609 888 orationem
1623 818 1774 887 maxime
1790 818 1973 908 probaret,
1998 815 2260 888 consuetudine

219 934 290 1004 tes,
315 932 351 988 et
365 931 509 1010 propter
530 919 699 989 scelerum
718 919 940 988 atrocitatem
958 932 993 988 et
1016 917 1212 986 defuturis
1263 933 1297 988 et
1321 917 1454 989 iudicio
1477 919 1552 990 eius
1574 919 1629 990 uti
1652 917 1768 990 voluit
1780 914 1828 1016 ¹),
1852 943 1959 1014 quam
1976 920 2020 988 ad
2037 943 2112 988 rem
2135 912 2262 986 borta-

220 1019 348 1115 poenis
373 1021 578 1110 cogitantes.
637 1019 837 1113 Sequemur
860 1020 956 1088 euim
984 1015 1081 1088 baud
1106 1018 1214 1086 dubie
1266 1033 1377 1088 torem
1400 1013 1527 1092 babuit
1542 1020 1659 1090 vimm
1674 1023 1820 1091 doctum
1838 1035 1872 1090 et
1894 1021 2103 1112 prudentem
2117 1015 2262 1087 Hemi-

222 1147 285 1194 seu
309 1119 481 1192 Turcicue
503 1121 715 1191 vastationes
736 1145 798 1192 seu
820 1123 923 1192 aliae.
984 1119 1054 1191 Sed
1079 1117 1214 1188 Filium
1266 1143 1345 1190 cum
1361 1115 1688 1216 Parmannuffl).
1742 1119 1782 1190 ld
1797 1145 1878 1192 cum
1895 1133 1995 1212 pater
2012 1121 2263 1210 intellexisset,

221 1222 291 1297 Dei
307 1246 507 1315 precemur,
533 1237 573 1292 ut
588 1247 653 1292 nos
669 1225 875 1294 invocantes
896 1224 1012 1313 ipsum
1031 1223 1217 1312 gubernet,
1265 1223 1449 1294 voluntate
1462 1221 1873 1316 patrisFrancofurdiam
1889 1223 2063 1308 migravit,
2085 1247 2126 1292 ac
2141 1224 2188 1292 de
2198 1246 2264 1291 vo·

224 1337 260 1396 et
281 1339 322 1394 ut
338 1348 469 1416 poenas
491 1325 616 1406 leniat,
642 1339 676 1394 et
700 1341 814 1394 servet
839 1321 1015 1394 Ecclesiae
1038 1323 1217 1416 reliquias,
1266 1326 1403 1395 luntate
1417 1326 1527 1417 patris
1542 1327 1694 1396 literasa
1711 1317 1889 1422 Philippo
1901 1321 2151 1394 Melanthum
2167 1337 2264 1394 attu-

225 1424 325 1497 etin
352 1449 392 1496 ea
423 1421 586 1495 bonestas
614 1441 646 1498 et
682 1427 756 1518 pias
782 1427 945 1500 familias.
1003 1423 1060 1496 Ac
1086 1426 1217 1494 talibus
1267 1427 1326 1511 lit,
1352 1450 1418 1495 nec
1435 1427 1503 1496 alia
1527 1451 1569 1496 ex
1584 1421 1614 1524 ⁸)
1635 1428 1708 1497 ulla
1731 1427 1890 1497 discessit
1911 1449 2026 1501 causa.
2077 1425 2140 1497 Sic
2164 1426 2264 1494 enim

226 1527 395 1618 exemplis
417 1529 684 1603 commonefacti
709 1552 832 1596 omnes
854 1528 965 1598 simus
993 1527 1033 1594 in
1055 1527 1218 1618 regendis
1268 1528 1357 1598 abiit
1378 1521 1588 1610 Ewaldus,
1621 1544 1661 1600 ut
1679 1551 1802 1598 omnes
1828 1527 1868 1596 in
1893 1525 2084 1598 Academia
2110 1528 2266 1598 lectores

224 1630 388 1698 moribus
411 1630 673 1718 diligentiores,
704 1643 739 1702 ct
761 1630 800 1700 in
824 1628 1049 1700 invocatione
1069 1625 1139 1699 Dei
1160 1653 1219 1698 ar·
1268 1630 1451 1720 ingenium
1466 1643 1502 1702 et
1514 1653 1631 1700 mores
1645 1631 1815 1722 probent,
1841 1643 1876 1700 et
1898 1643 2057 1722 sperent,
2083 1633 2169 1699 eum
2186 1651 2265 1696 ma-

226 1727 416 1806 dentiorcs.
467 1728 565 1802 Bene
582 1731 671 1808 vale.
1018 1819 1020 1824 Ι
1269 1753 1339 1822 gno
1352 1731 1433 1802 usui
1449 1746 1483 1802 et
1498 1747 1707 1802 ornamento
1730 1731 1946 1823 reipublicae
1961 1732 2049 1804 fore.
2102 1726 2266 1805 Oramus

968 1825 1170 1926 Philippus.
1269 1834 1374 1903 etiam
1391 1833 1503 1904 filium
1520 1831 1600 1918 Dei,
1626 1834 1689 1928 qui
1703 1856 1786 1904 vere
1800 1835 1897 1904 sedet
1910 1835 1954 1904 ad
1971 1835 2131 1902 dextram
2149 1845 2266 1902 aeter-

1270 1935 1309 2004 ni
1332 1935 1441 2026 patris
1464 1937 1666 2004 deusdona
1689 1929 1914 2020 bominibus,
1940 1935 2062 2015 idest,
2088 1935 2264 2003 salutares

404 2119 407 2128 1
1270 2038 1539 2126 gubernatores,
1574 2051 1616 2108 ut
1630 2032 1726 2108 branc
1741 2029 1951 2104 Ewaldum
1977 2036 2105 2105 efficiat
2131 2037 2264 2114 σκεῦος

229 2163 298 2239 No·
317 2161 430 2238 5803·
1105 2176 1138 2239 5,
1151 2166 1219 2233 lun,
1270 2133 1391 2219 ἐλέους
1404 2151 1439 2210 et
1452 2161 1611 2228 organon
1631 2140 1785 2208 salutare
1804 2160 1887 2208 suae
1909 2137 2048 2206 animae
2070 2151 2105 2206 et
2119 2134 2262 2226 Reipu-'

230 2261 437 2293 m
1110 2261 1212 2295 *w
1269 2240 1394 2312 blicae.
1444 2239 1523 2310 Hoc
1546 2241 1789 2312 testimonium
1804 2233 1975 2310 Ematdo
1992 2239 2172 2308 bonafide
2197 2236 2263 2306 tri·

455 2348 639 2436 Testim.
668 2347 725 2434 dc
754 2349 996 2438 Blucbero.

293 2533 315 2596 ·t·
331 2527 371 2584 Ex
383 2543 479 2600 apogr.
492 2523 521 2580 in
539 2524 602 2582 eod.
617 2523 704 2580 Paris.
718 2523 754 2580 t).
771 2523 802 2582 Ia.
815 2525 882 2582 54⁸.

1269 2341 1431 2428 buimus,
1456 2355 1497 2414 ut
1517 2365 1599 2413 eum
1620 2343 1700 2412 aliis
1716 2337 1918 2411 Academiis
1940 2354 2143 2410 reverenter
2164 2361 2264 2408 com·

1233 2448 1236 2456 '
1269 2444 1494 2530 mandemus,
1526 2444 1610 2537 quia
1633 2443 1863 2514 iustissimum
1885 2457 1955 2529 est,
1988 2441 2083 2510 bona
2106 2439 2265 2530 ingenia,

1270 2545 1473 2635 praesertim
1489 2548 1619 2639 quibus
1634 2547 1769 2616 aditum
1786 2547 1833 2616 ad
1854 2543 2108 2636 rempublicam
2126 2541 2265 2611 nobili-

355 2677 541 2756 omnibu,
558 2677 705 2753 hanff,
719 2675 793 2752 ha,
810 2681 939 2756 mem
954 2681 1008 2782 (S.
1023 2679 1102 2782 nn).
1269 2657 1323 2716 tas
1342 2647 1522 2737 patefecit,
1546 2649 1774 2731 confirmare,
1795 2660 1837 2718 ut
1851 2648 1896 2716 ad
1919 2645 2058 2736 generis
2073 2647 2183 2714 decus
2198 2645 2264 2712 ad·-

1269 2749 1356 2818 dant
1369 2749 1551 2819 doctrinae
1564 2750 1821 2839 cognitionem,
1846 2773 1935 2842 quae
1952 2749 1989 2816 in
2007 2745 2149 2815 iudiciis
2163 2767 2264 2813 sum-

226 2823 372 2908 Vflfflm
394 2849 445 2906 000
470 2833 637 2920 000οἷ00,
661 2835 759 2927 quod
784 2848 818 2906 00
839 2833 940 2906 ΡῙο00
963 2847 997 2905 00
1014 2829 1218 2927 Χο009000
1269 2873 1408 2920 marum
1424 2873 1544 2921 rerum
1560 2851 1739 2921 communi
1757 2849 1850 2918 vitae
1862 2849 2057 2920 necessaria
2072 2861 2136 2921 est.
2160 2844 2262 2914 Bene

226 2940 405 3023 dixerunb
430 2963 505 3008 000
518 2939 804 3022 000000οὓ000,
829 2938 1130 3030 equosabequis‚
1156 2939 1216 3008 000
1268 2953 1346 3020 vale
1378 2953 1526 3022 candide
1553 2953 1674 3024 lector.
1724 2948 1871 3022 Calend.
1906 2950 1990 3022 Iulii
2020 2973 2118 3018 anno
2148 2943 2261 3020 1555.

226 3041 663 3130 apraestautiorinatura,
687 3039 851 3108 videlicet
865 3041 909 3108 ab
921 3035 1128 3109 hominibus
1141 3041 1217 3130 regi
1268 3066 1396 3123 „nato
1416 3049 1559 3124 Christo
1580 3079 1620 3124 ex
1643 3054 1789 3144 virgine,
1843 3051 1951 3123 Anno
1973 3077 1992 3120 ῃ
2016 3049 2056 3124 C,
2073 3047 2127 3123 M,
2144 3045 2261 3122 5517,

226 3155 404 3234 ⁰P⁰¹¹⁰¹⁰³
439 3141 489 3212 ⁵3⁰
512 3136 674 3210 h⁰ffli¹¹⁹⁵
694 3153 780 3210 ²⁰³⁰
805 3141 956 3210 feliciter
978 3142 1072 3228 ²⁰85,
1098 3163 1215 3210 00000
1267 3155 1325 3224 die
1342 3168 1437 3226 sexto
1454 3151 1608 3251 lunii⁴),
1633 3169 1801 3252 queante
1818 3146 2260 3226 annos1892Alexander

225 3242 473 3336 praestantiori
498 3255 622 3312 natura
648 3255 838 3330 reguntur,
874 3241 1040 3318 videlicet
1063 3236 1216 3316 heroica.
1267 3255 1416 3328 Macedo
1433 3271 1611 3334 natusest,

226 3343 312 3416 ldeo
328 3343 424 3414 Deus
439 3345 587 3434 gradum
603 3343 814 3410 nobiliuma
833 3343 967 3435 populo
984 3343 1156 3428 distinxit,
1182 3357 1216 3414 et

226 3447 361 3517 indidit
377 3469 499 3516 cerum
515 3444 666 3534 ingeniis
681 3439 840 3512 heroicos
856 3443 1007 3536 impetus
1032 3447 1078 3513 ad
1101 3445 1214 3516 virtu-

226 3563 317 3628 tem,
347 3570 436 3641 quos
457 3547 535 3618 vult
556 3545 717 3616 doctriua
745 3546 936 3635 gubernari
958 3559 992 3616 et
1014 3547 1215 3617 confirmari

225 3645 374 3720 bouesta
392 3651 532 3718 adsucfc
559 3649 663 3721 tione.
713 3645 787 3736 Qui
813 3647 922 3736 igitur
942 3648 980 3716 in
1005 3643 1071 3718 boc
1089 3649 1215 3718 ordine

226 3752 342 3822 studia
358 3751 539 3820 doetrinae
552 3763 587 3820 et
600 3749 742 3819 virtutis
757 3751 897 3833 colunt,
923 3749 1022 3839 digni
1041 3763 1124 3821 sunt
1141 3753 1216 3820 exi·
1796 3809 1806 3830 ,

226 3853 300 3921 mio
315 3847 462 3921 bonore.
488 3848 580 3921 Cum
595 3865 711 3919 autem
727 3851 765 3918 in
781 3847 846 3920 hac
857 3848 1047 3920 Academia
1062 3853 1214 3942 amplius
1466 3807 1831 3912 (cilmmffldaiw
1859 3807 2059 3910 Peme.)

136 3957 138 3962 ’
228 3954 465 4048 quadriennio
486 3952 613 4021 vixerit
631 3945 1023 4037 EwoidusBlucher,
1048 3967 1152 4024 natus
1173 3955 1210 4022 in
1365 3984 1464 4040 ως
1482 3981 1579 4040 tam.
1609 3983 1765 4056 „gom
1811 3979 2051 4053 1„„,;„s„;„,‚
2074 3978 2261 4052 magma,

226 4055 359 4125 familia
378 4054 494 4126 nobili
507 4053 620 4144 gentis
635 4053 870 4133 Pomeranae,
893 4054 1130 4145 comperimus
1147 4079 1213 4124 na·
1403 4053 1517 4110 thet.
1561 4053 1616 4108 ·¹¹·
1636 4071 1662 4126 Ρ·
1675 4051 1735 4108 ²⁵⁵·

214 4151 343 4226 ¹turam
367 4157 441 4226 eius
461 4155 641 4226 doctrinae
656 4179 816 4248 capacem
833 4177 924 4238 esse,
947 4170 981 4226 et
1004 4180 1117 4225 mores
1142 4179 1214 4226 esse

227 4255 404 4331 honestos.
457 4255 618 4350 Cumque
632 4258 821 4326 domestica
845 4257 1033 4346 disciplina
1048 4259 1093 4324 ad
1114 4259 1213 4347 agui·

226 4358 360 4429 tionem
377 4373 410 4428 et
425 4359 686 4428 invocationem
702 4361 776 4428 veri
792 4357 860 4426 Dei
880 4359 1092 4427 assuefactus
1116 4375 1214 4444 esset,

227 4461 382 4529 studiose
405 4461 529 4528 didicit
553 4459 723 4550 integram
739 4459 938 4529 doctrinam
958 4462 1002 4528 de
1017 4457 1093 4530 Deo
1117 4473 1151 4530 et
1172 4463 1214 4532 de
1266 4451 1442 4557 Quisquis
1456 4475 1508 4534 est
1524 4455 1582 4532 bic
1596 4459 1812 4554 peregrinus,
1829 4455 1890 4550 qui
1904 4479 1942 4526 se
1955 4453 2004 4524 ait
2013 4451 2156 4522 Persam
2173 4475 2260 4538 csse,

1266 3605 1332 3682 No.
1357 3607 1472 3685 6804.
2138 3613 2173 3674 7.
2189 3605 2260 3674 Iun.

1273 3705 1486 3745 Μ
2128 3701 2260 3726 m

1329 4323 1362 4384 et
1378 4310 1557 4384 Doctores
1572 4307 1793 4382 Academiae
1813 4307 1856 4382 V
1852 4305 2086 4402 itabergensis
2103 4307 2140 4379 S.
2154 4305 2201 4382 D.

227 4561 405 4630 benefieiis
432 4561 568 4628 domini
592 4562 703 4630 nostri
723 4559 826 4642 l.C.,
859 4576 894 4632 et
917 4563 1026 4630 animi
1052 4563 1213 4654 pietatem
1265 4586 1298 4640 et
1314 4567 1458 4660 quidem
1476 4564 1588 4632 filium
1613 4561 1704 4652 regis
1719 4555 1923 4629 Persarum:
1954 4569 2073 4626 tamen
2095 4578 2259 4645 cumpe-
2325 4559 2326 4640 l

227 4687 307 4731 vera
325 4663 548 4732 invocatione
563 4661 628 4732 Dei
647 4664 684 4730 in
701 4663 826 4732 fiducia
845 4663 1049 4732 mediatoris
1067 4661 1212 4732 honesta
1264 4669 1428 4760 regrinus
1451 4665 1497 4737 sit
1517 4679 1552 4736 et
1572 4687 1736 4741 mancus,
1771 4661 1880 4728 simus
1901 4679 2073 4726 memores
2096 4655 2259 4724 mandati
2325 4643 2326 4719 l

227 4789 366 4834 morum
399 4765 655 4852 gubernatione
680 4765 844 4846 declarat.
903 4760 961 4834 Ad
987 4759 1073 4833 haec
1099 4765 1213 4835 studia
1265 4771 1401 4854 divini,
1440 4769 1535 4861 quod
1571 4764 1742 4858 praecipit
1774 4757 1965 4852 hospitalia
1996 4755 2112 4828 officia
2143 4755 2261 4827 tribui

225 4867 390 4936 adiunxit
417 4865 638 4958 eloquentiae
667 4861 857 5032 exercitia}
888 4867 931 4933 ad
958 4887 1064 4957 quarn
1089 4879 1213 4934 natura
1265 4921 1491 4940 ...........

228 4969 373 5055 idoneus
397 4982 468 5052 est,
498 4984 606 5060 utque
632 4967 745 5034 oratio
769 4991 809 5034 ex
854 4966 998 5046 ontibus
1023 4967 1214 5052 sapientiae
1299 5013 1328 5075 1)
1348 5007 1509 5080 mam,
1527 5005 1623 5078 ,Md
1642 4998 2053 5074 &mmmmm

226 5083 441 5154 sumeretur,
466 5069 569 5138 initia
589 5068 719 5140 didicit
742 5067 924 5138 doetrinae
946 5067 989 5135 de
1008 5081 1135 5137 natura
1155 5092 1214 5138 re·
1298 5093 1326 5161 2)
1349 5091 1418 5148 coa,
1432 5075 1493 5148 ni.
1509 5091 1760 5144 massmannum.

1298 5175 1327 5247 8)
1344 5169 1540 5259 exJ'rrscripsi
1559 5192 1610 5245 pro
1629 5183 1681 5230 ert.

225 5229 447 5258 mnu-b

1297 5266 1330 5334 4)
1349 5263 1500 5332 Quomodo
1518 5261 1584 5317 baec
1601 5262 1698 5330 duplex
1718 5257 1772 5313 diei
1789 5253 1949 5328 significatio
1965 5251 2099 5316 extiterit,
2127 5251 2261 5326 aptiore
2323 5307 2324 5310 ,

256 5336 479 5410 0)ΑδᾱὶιΑ.Ι).
496 5371 531 5384 -
566 5339 610 5394 De
630 5341 738 5399 adversa
754 5335 912 5398 valetndine
933 5337 1211 5398 Miebr'tllrbieienb.
1332 5351 1391 5399 pon
1409 5349 1562 5404 meremur.
1599 5329 1766 5412 §scendum
1781 5327 1857 5380 Pauli
1875 5323 1957 5378 Eberi
1979 5319 2175 5378 calendarium
2194 5320 2261 5378 at·-

294 5410 346 5471 vid.
361 5411 436 5482 epist.
448 5409 497 5466 lilii
511 5427 580 5482 qaae
591 5411 696 5466 adiecta
710 5420 750 5464 ert
762 5411 892 5484 epistolae
904 5425 960 5482 seq.
1332 5401 1434 5457 rander
1450 5400 1566 5480 Magum
1579 5397 1623 5480 dre
1636 5395 1684 5454 Vl.
1696 5397 1767 5452 loun
1786 5399 1867 5482 natur
1880 5403 1931 5449 cst.

1926 5532 1936 5565 i
1983 5546 1988 5564 ο

2315 5501 2323 5548 l

1268 4203 1455 4282 Omnibus
1472 4209 1619 4281 lecturas
1633 4203 1707 4280 has
1722 4206 1862 4292 literas,
1886 4201 2040 4292 Rector,
2066 4199 2263 4298 Magistri
2326 4267 2327 4286 2
