4682 5822
55 141 169 292 ue'
614 207 1044 294 onrsromnuu
1091 207 1303 289 mnam
1356 173 1491 292 uu.
2000 213 2077 294 aaa

55 385 141 460 llaec
160 389 252 456 bona
267 379 628 482 ornat')integritate
643 386 754 474 vitae,
779 385 933 470 iustitia,
957 409 1034 454 mo-
1089 382 1241 474 a'mplins
1272 381 1496 456 dissimulare
1533 389 1609 456 nun
1641 399 1769 480 posset.
1833 385 2075 460 constitutum

56 490 156 560 destia
171 493 205 560 et
225 489 391 558 omnihus
409 488 620 572 virtutibus,
647 513 733 584 quas
750 513 816 558 vox
831 489 955 560 diviua
969 486 1035 556 fla·
1087 497 1204 554 autem
1220 498 1313 570 erat,
1341 485 1413 554 illis
1430 487 1591 556 miseram
1609 489 1692 558 dare
1708 487 1797 564 neci.
1847 487 1983 582 Aperte
2008 491 2076 560 ita·

56 591 142 682 gitat.
190 585 290 660 Nihil
315 604 366 660 est
389 589 576 662 amabilius
598 591 728 660 virtute
746 591 933 660 coniuncta
954 613 1034 660 cum
1088 609 1156 680 que
1173 599 1278 677 puteo
1294 587 1537 673 subterraneo,
1561 603 1595 660 et
1609 589 1769 660 revoluto
1785 592 1900 681 lapide
1916 593 1962 662 ab
1977 591 2075 662 illius

56 691 206 764 doctrina
223 705 257 761 et
273 692 437 762 facultate
453 691 594 761 dicendi
613 705 647 764 et
661 691 852 766 scribendi.
904 689 1035 780 Quare,
1076 687 1189 792 petiti,
1206 687 1394 773 iusserunt,
1410 713 1486 758 eam
1504 713 1540 758 se
1557 691 1782 782 praecipitem
1798 693 1962 763 deorsum
1979 694 2075 778 dare,

54 796 110 864 ubi
127 789 223 872 hunc,
237 785 547 890 Christopltorum
565 793 621 862 vel
636 818 754 864 coram
770 793 826 862 vel
840 816 881 862 ex
896 792 1035 882 scriptis
1087 789 1181 858 utin
1197 790 1259 858 illo
1274 791 1352 859 loco
1367 790 1462 860 inter
1483 793 1671 878 cadavera,
1696 817 1785 885 quae
1807 794 1906 884 prius
1929 794 1967 864 in
1986 818 2075 866 eun·

55 918 148 964 nosse
173 895 325 986 ceperis,
366 909 427 965 tuo
452 895 584 964 iudicio
605 895 740 983 diliges.
798 893 896 964 Haec
917 907 1035 964 autem
1087 893 1167 958 dem
1187 891 1499 981 putenmconiccta
1517 907 1628 976 erant,
1654 909 1857 968 moreretur.
1892 893 1968 978 llla,
1993 917 2074 966 cum

56 997 170 1086 scripsi
195 1022 255 1081 eo,
288 997 406 1090 quod,
436 1020 516 1064 cum
540 996 781 1066 commendari
806 1021 826 1066 a
850 1020 906 1064 me
929 996 1035 1066 talem
1089 1005 1237 1061 mortem
1258 993 1410 1081 effugere
1432 1017 1507 1064 non
1530 1008 1664 1085 posset,
1688 1010 1828 1088 arrepto
1849 997 2012 1080 cultello,
2038 1019 2075 1066 se

55 1097 164 1166 virum
180 1098 414 1187 intelligeres,
441 1121 520 1186 erga
537 1122 593 1166 me
611 1093 640 1189 ⁴)
657 1121 797 1192 quoque
821 1097 1036 1168 benevolen-
1088 1094 1204 1184 ipsum
1221 1095 1390 1179 confodit,
1415 1119 1455 1166 ac
1470 1095 1598 1166 deinde
1613 1097 1766 1188 proiecta
1782 1111 1866 1168 esta
1884 1091 2074 1168 Monacbis

54 1199 96 1268 tia
119 1213 177 1268 tua
202 1213 399 1290 augeretur.
456 1197 555 1269 Bene
580 1212 614 1270 et
635 1199 787 1270 feliciter
811 1199 901 1270 vale.
959 1194 1036 1269 Cal.
1088 1199 1273 1280 (horsum,
1298 1195 1458 1288 lapisque
1473 1199 1590 1267 denuo
1607 1200 1780 1268 admotus.
1831 1197 1911 1268 Hoc
1933 1211 2074 1290 peracto

57 1299 155 1372 lunii.
206 1297 450 1376 Ann01555,
1088 1296 1276 1382 sacrificio,
1303 1300 1471 1388 templum
1496 1323 1559 1391 pro
1584 1325 1701 1386 more,
1727 1315 1767 1372 ut
1785 1301 1979 1371 matutinae
1994 1321 2075 1392 pre·

266 1417 308 1496 C·
323 1419 366 1492 T·
383 1422 544 1490 addim„
1089 1398 1299 1479 caederent,
1325 1399 1485 1492 undique
1507 1414 1666 1492 apertum
1682 1415 1743 1475 est.
1796 1399 1878 1490 Quo
1894 1402 1986 1472 sacto
2003 1400 2075 1484 ille,

555 1515 744 1612 Philippu,
765 1515 988 1591 Melanphom
1005 1529 1012 1548 ·
1090 1499 1151 1591 qui
1167 1512 1237 1568 tota
1252 1513 1353 1570 nocte
1369 1501 1539 1585 latuerat,
1561 1527 1598 1572 re
1618 1505 1773 1594 inspecta
1790 1503 1866 1574 sine
1881 1503 1980 1572 omni
2000 1501 2076 1572 dis-

1090 1600 1259 1685 crimine,
1300 1601 1428 1685 evasit,
1463 1618 1498 1674 et
1528 1605 1566 1672 in
1598 1604 1716 1673 vicino
1748 1607 1901 1696 quodam
1928 1603 2074 1696 oppido,

1091 1703 1227 1772 consilli
1244 1727 1318 1772 rem
1335 1719 1374 1775 ut
1387 1717 1481 1792 gesta
1494 1719 1594 1790 esset,
1617 1707 1788 1794 exposuit,
1811 1729 1848 1776 se
1862 1705 1978 1798 ipsum
1994 1705 2076 1774 vin-

1090 1805 1179 1872 culis
1193 1819 1228 1876 et
1243 1807 1373 1876 carceri
1395 1805 1566 1893 offerens,
1590 1806 1619 1876 si
1635 1808 1745 1878 lalsus
1758 1808 1895 1878 delator
1914 1829 2077 1898 comper-

1091 1917 1147 1974 tus
1169 1919 1267 1976 esset.
1323 1905 1445 1999 ltaque
1470 1921 1639 1978 cessatum
1663 1904 1755 1978 nihil
1776 1921 1845 1990 est,
1877 1923 1917 1978 ut
1938 1908 2075 1978 indica-

1091 2018 1165 2074 tum
1179 2021 1251 2076 erat
1268 2008 1451 2078 inventum
1472 2009 1608 2080 lacinus
1624 2011 1748 2080 auditu
1762 2011 1908 2104 visuque
1925 2005 2077 2080 horren-

1090 2110 1188 2180 dum.
1238 2107 1388 2180 Reclusa
1419 2109 1515 2180 enim
1543 2111 1662 2196 fovea,
1695 2111 1860 2184 inventae
1889 2123 1971 2182 snut
1996 2122 2076 2182 octo

1093 2210 1339 2297 mulierculae,
1364 2235 1491 2300 magno
1515 2234 1660 2282 suorum
1683 2237 1763 2282 cnm
1781 2213 1899 2296 luctu,
1924 2236 2013 2306 quae
2031 2213 2077 2282 ab
2177 2293 2178 2302 χ

1091 2311 1163 2379 illis
1176 2312 1220 2380 ad
1237 2325 1357 2402 stupra
1374 2327 1512 2403 raptae,
1537 2327 1571 2382 et
1593 2327 1731 2404 postea,
1755 2339 1801 2386 ne
1822 2338 1892 2407 qua
1915 2309 1983 2384 hoc
2003 2335 2078 2382 sce·

1091 2413 1146 2480 lus
1160 2428 1351 2498 emanaret,
1377 2413 1576 2484 interiectae
1596 2415 1751 2484 luerunt.
1800 2412 1953 2506 Arrepto
1969 2414 2078 2503 igitur

1091 2513 1230 2584 Abbate
1246 2537 1325 2584 cnm
1342 2529 1473 2605 septem
1490 2515 1570 2584 aliis
1588 2511 1791 2602 monachis,
1823 2530 1859 2587 et
1880 2518 1917 2584 in
1934 2514 2077 2584 vincula

1091 2616 1258 2686 coniectis
1272 2617 1457 2702 omnibus,
1480 2639 1536 2686 res
1553 2617 1718 2688 nunciata
1741 2632 1795 2689 est
1814 2618 1889 2707 regi
1906 2615 2078 2706 Augusto.

1094 2715 1144 2801 ls,
1167 2718 1286 2789 nescio
1307 2743 1352 2788 an
1373 2718 1465 2788 iusto
1482 2715 1569 2787 Zelo
1590 2715 1636 2786 an
1659 2743 1742 2788 vero
1764 2719 1921 2810 impulsu
1943 2719 2079 2801 divino,

65 2870 147 2926 unm
170 2865 220 2924 est
244 2855 283 2922 in
307 2850 406 2922 Actis
427 2846 642 2942 Apostolicis
668 2851 710 2918 de
734 2850 799 2920 Dei
826 2853 1039 2940 praesentia:
1092 2819 1445 2890 ⁸⁰⁵Vi¹¹⁰i⁰⁸⁰³¹⁰¹¹i⁵
1469 2820 1506 2888 5¹¹
1531 2844 1654 2905 ‘urm’
1679 2843 1806 2909 magna
1830 2820 2079 2912 lff⁰l)‘³ffl¹i⁰¹¹e

65 2955 181 3049 inipso
197 2957 370 3040 vivimus,
395 2977 517 3022 sumus
531 2965 566 3022 et
581 2975 775 3024 movemur.
827 2949 946 3044 ipsum
973 2954 1038 3042 igi·
1090 2917 1284 3038 Aussuffiam
1301 2922 1450 3040 Perdufi
1465 2921 1604 2995 lumi&
1627 2997 1630 3004 .
1655 2917 1842 3040 Ceterum,
1876 2945 1981 3014 ‘luam
1998 2943 2080 3012 1³³⁸·

65 3071 117 3126 ιω.
137 3061 249 3127 filium
270 3055 356 3139 Dei,
386 3051 581 3123 Dominum
605 3067 766 3123 „ostrum
794 3049 908 3124 pesum
932 3049 1039 3124 Chri,
1091 3044 1165 3090 surr
1180 3036 1252 3091 suu
1266 3035 1475 3092 sententiam
1491 3017 1607 3092 adhuc
1621 3045 1755 3091 nemina
1773 3035 1919 3093 constat.
1964 3020 2080 3106 Pater,

891 3179 954 3225 om
1000 3170 1040 3224 u,
1091 3147 1251 3192 reversus
1267 3149 1308 3192 ex
1321 3123 1490 3208 Vimaria,
1513 3123 1707 3220 periculose
1723 3137 1897 3215 aegrotat3
1916 3125 2080 3193 dextrum

66 3276 94 3331 12
106 3277 137 3334 eg
148 3286 212 3332 ΠΟ,
228 3282 351 3330 omne,
367 3259 429 3328 ,ΗΠ
446 3273 560 3328 servet
578 3258 785 3329 incolumes,
965 3209 976 3242 ’
1092 3223 1187 3294 enim
1203 3225 1295 3294 latus
1309 3241 1360 3296 est
1376 3227 1479 3318 plane
1495 3239 1695 3310 mortuum,
1719 3226 1789 3311 ita,
1813 3239 1855 3296 ut
1873 3249 1938 3294 nec
1954 3226 2078 3314 pedem

154 3363 261 3434 Narnc
280 3361 444 3430 adiiciam
468 3355 682 3429 horrendam
703 3359 828 3428 auditu
843 3352 1040 3438 historiam,
1093 3351 1157 3395 ¹¹⁰⁰
1178 3351 1323 3395 manum
1345 3352 1487 3398 ‘'wlff‘'
1507 3327 1629 3416 Ρθὸὃῖῗ·
1678 3323 1775 3396 Bene
1797 3339 1832 3398 θῑ
1852 3326 2000 3398 feliciter
2018 3350 2080 3394 vo·

66 3490 158 3558 qoam
171 3467 316 3556 diguam
333 3461 445 3546 literis
462 3461 635 3544 iudicavi,
662 3463 750 3552 qliae
774 3485 887 3550 nuper
907 3463 1041 3529 accedit
1093 3429 1172 3499 ¹⁸¹⁰·
1230 3427 1298 3500 Die
1318 3443 1533 3521 P²¹¹1⁶⁶⁰⁵¹²⁸
1556 3423 1663 3500 ¹555·

66 3568 98 3636 iu
120 3566 308 3650 encambio,
343 3565 483 3654 ducibus
505 3586 610 3652 supra
640 3561 810 3630 Viennam
833 3562 1041 3642 miliaribus,
1512 3545 1557 3616 D.
1576 3542 1621 3618 T.
1637 3539 1793 3614 Michael
1808 3542 1977 3639 Meyenb.
1994 3538 2032 3640 ⁸)

66 3673 148 3760 qnod
174 3665 528 3754 Klosterneucnburg
554 3675 710 3732 vocatur.
769 3660 859 3742 Nam
883 3663 952 3730 iant
979 3662 1039 3730 diu

66 3769 98 3838 in
116 3771 199 3841 locis
217 3769 344 3839 vicinis
367 3765 505 3859 aliquot
526 3760 755 3836 honestorum
771 3765 930 3834 virorum
953 3789 1036 3834 con-

59 1858 117 1932 Νο.
131 1855 244 1934 5797.

60 1956 256 1994 m

119 2059 185 2144 M.
215 2053 496 2168 Mcicnburg
523 2053 589 2140 ad
615 2054 974 2142 Meloutlaoncm.

119 2235 328 2304 &demones
358 2234 447 2302 Beleia
475 2249 509 2291 cu
539 2235 577 2290 tlt
602 2233 703 2302 diotae
728 2235 756 2290 tu
781 2233 893 2290 vtum.
929 2233 1039 2290 vottl.

151 2327 179 2390 p:
194 2308 229 2360 90
242 2325 283 2376 sq.
302 2323 345 2374 ep.
360 2303 403 2358 55.
419 2330 455 2343 -
491 2301 603 2356 Adiects
615 2303 666 2355 luit
678 2300 807 2384 epistolae
818 2303 851 2355 ad
867 2303 968 2375 Regem
981 2303 1039 2356 Da-

150 2395 210 2432 mae
224 2377 291 2428 haec
305 2371 446 2427 Michaelis
457 2369 640 2441 Meienburgii
656 2369 785 2443 epistole,
808 2387 892 2444 quere
911 2391 970 2427 eam
988 2391 1037 2446 ep·

151 2441 276 2520 penditis
289 2441 352 2498 loco
366 2440 450 2494 edidit
462 2439 647 2496 Schamachcr
660 2437 680 2496 l.
693 2439 711 2497 l.

907 1869 940 1930 2.
957 1856 1027 1922 Inn.

896 1951 1026 1980 *sm

259 2591 491 2694 Philippo
516 2589 834 2668 Melanthom‘

65 2737 106 2827 S.
129 2751 171 2826 D.
218 2749 430 2825 Reverende
443 2745 488 2822 D.
504 2759 711 2842 praeceptor
725 2748 939 2824 dulcissime.
973 2745 1038 2822 Di-

66 3173 165 3246 ttum,
189 3162 326 3229 sontem
351 3158 442 3227 vitae
463 3171 497 3227 et
516 3157 633 3225 omnis
653 3154 864 3246 sapientiae,

68 3871 152 3964 iuges
165 3886 200 3942 et
222 3871 316 3940 liliae
331 3867 546 3937 desideratae
563 3879 664 3950 stant,
690 3891 755 3936 nec
774 3867 937 3959 cuiquam
955 3889 1041 3935 con-

67 3975 153 4058 stitit,
174 3975 213 4042 in
230 3997 301 4066 quo
318 3971 399 4038 illae
414 3991 525 4058 ganeo
543 3969 702 4062 (mallem
722 3969 915 4038 modestius
932 3967 1042 4061 loqui,

68 4075 92 4142 si
106 4101 157 4144 ces
172 4076 218 4146 ita
240 4067 362 4166 ferret)
386 4071 546 4142 laterent.
597 4069 762 4162 Ceterum
787 4070 876 4138 forte
897 4071 1040 4138 fortuna

68 4177 192 4262 accidit,
211 4189 254 4247 ut
270 4174 414 4268 quidam
430 4173 550 4241 ebrius
563 4173 600 4240 in
617 4171 749 4262 templo
766 4171 863 4238 illius
880 4169 1040 4240 coenobii

68 4293 158 4348 nocte
177 4279 429 4348 occluderetur.
480 4272 534 4358 is,
566 4297 645 4343 cnm
669 4297 688 4342 e
713 4272 854 4362 crapula
880 4266 1041 4342 hesterna

69 4379 262 4468 evigilasset,
286 4376 442 4456 nescius,
468 4380 647 4468 qaromodo
664 4372 700 4444 in
716 4369 812 4443 hnnc
828 4375 945 4443 locum
961 4397 1041 4466 per-

68 4482 225 4566 venisset,
251 4479 366 4570 coepit
379 4476 448 4546 sibi
467 4478 607 4562 timere,
631 4491 666 4547 et
683 4501 719 4546 se
736 4477 971 4558 abscondere,
997 4499 1042 4544 ne

68 4583 147 4652 lurte
168 4598 335 4676 tanquam
355 4581 415 4648 lur
437 4594 498 4648 aut
513 4579 701 4668 sacrilegus
715 4579 932 4667 arriperetur
947 4600 987 4644 ac
1005 4577 1042 4642 in

68 4684 245 4754 discrimen
266 4682 358 4750 vitae
383 4679 530 4752 veniret.
581 4678 673 4750 Com
698 4679 806 4767 igitur
826 4680 873 4750 ita
897 4677 1042 4748 timidus

70 4779 193 4872 haeret,
229 4787 301 4854 duo
325 4776 508 4866 monachi,
539 4781 684 4850 reclusis
713 4781 820 4864 seris,
861 4781 896 4848 iu
926 4777 1039 4870 ipsum

70 4889 225 4980 templum
257 4907 405 4965 venere,
445 4883 614 4952 ducentes
646 4905 763 4952 secum
798 4881 1040 4950 mulierculam

69 4991 251 5080 praedam,
281 5009 372 5080 quae
402 5007 598 5076 praegnans
624 4998 715 5070 erat,
746 4983 793 5054 ita
818 4996 858 5054 ut
882 4995 1040 5054 ventrem

70 5135 275 5155 b*-

96 5225 120 5296 d)
138 5227 219 5282 Meni.
235 5235 299 5282 sant
312 5233 429 5281 ornato.

97 5313 122 5382 l)
138 5310 222 5366 Meni.
241 5312 472 5366 seminandorum
490 5307 578 5358 tatem
594 5306 705 5376 uirum,
723 5321 788 5358 enen
801 5323 821 5358 a
832 5303 988 5358 memori
995 5303 1042 5356 t'u-

128 5383 281 5452 temperes,
297 5389 325 5434 et
335 5381 375 5434 sio
390 5392 500 5448 quoque
512 5391 580 5444 erga
593 5391 667 5433 earn.

1930 3869 1933 3879 Ι
1958 3918 1989 3979 3.
2011 3903 2081 3974 lua.

1946 4000 2079 4035 M

1093 3899 1160 3973 No.
1174 3898 1288 3975 stus.

1102 3997 1272 4034 W

1096 4103 1364 4216 Philippus,
1400 4101 1610 4212 Landgr.
1635 4099 1702 4186 od
1722 4101 2082 4190 Melanthouem.

1164 4279 1241 4334 Edita
1259 4299 1273 4333 s
1294 4279 1364 4338 Clec.
1384 4299 1403 4332 a
1419 4279 1552 4333 Rummel
1570 4277 1598 4331 in
1619 4276 1677 4330 viu
1699 4274 1814 4347 t’ttttppt
1837 4275 1987 4414 helprae.
2004 4279 2083 4337 llass.

1198 4345 1260 4403 vol.
1275 4347 1320 4402 ut.
1342 4369 1367 4418 p.
1380 4349 1449 4414 sot..
1470 4345 1536 4404 coll.
1554 4348 1670 4414 wtouct
1688 4348 1772 4416 uetat.
1784 4350 1826 4404 tet
1841 4355 1912 4414 orote
1932 4349 2084 4422 aucun.

1197 4415 1261 4471 vot.
1276 4419 1307 4473 V.
1325 4435 1352 4489 p,
1370 4419 1431 4471 208.
1596 4425 1599 4432 “

1095 4567 1390 4672 (Philippus,
1429 4566 1703 4666 Landgravc'us
1724 4571 1889 4644 Hossioe
1913 4568 1970 4644 od
1992 4566 2084 4645 Phi·

1275 4687 1281 4694 '
1354 4671 1496 4772 lippum
1514 4671 1827 4771 Melanmonem.)

1096 4807 1230 4915 ssuttra
1252 4819 1408 4918 galbinos
1425 4821 1522 4917 &aad
1545 4843 1652 4916 guast.
1702 4823 1967 4918 homousianos,
1993 4825 2086 4900 tiebat

1093 4938 1233 5022 getuucc
1255 4931 1318 5000 unt
1335 4927 1523 5014 betoaenea.
1574 4925 1647 4998 attis
1670 4923 1769 5016 potam
1786 4927 1846 4998 nait
1861 4945 1941 5020 gang
1958 4927 2085 5017 ctftcue

1094 5040 1155 5104 tem
1174 5027 1314 5122 uentu
1338 5047 1537 5132 cerasumto
1559 5047 1630 5100 cau
1645 5027 1837 5122 &accitam
1864 5029 2025 5122 tonocrtid)
2043 5037 2086 5102 oo

1094 5205 1308 5220 naun—-u-U-

1126 5303 1159 5367 η
1179 5300 1333 5425 lsdpmsm
1358 5299 1498 5372 proiectus
1516 5309 1571 5372 eet,
1596 5310 1626 5358 ut
1646 5301 1726 5358 docet
1752 5320 1795 5374 ep.
1812 5297 1883 5356 atet.
1910 5300 1939 5357 d.
1957 5297 1999 5358 tt.
2018 5300 2086 5376 epe.

1162 5390 1234 5442 serap
1247 5388 1271 5423 a.
