4726 5818
92 265 168 342 m
664 259 1097 352 nrtsroatttuts

118 431 308 512 Hieron.
333 431 697 530 Bomgurtsero,
725 431 902 508 &notari
933 430 1062 532 taclyt.

408 535 512 610 orbis
530 531 779 634 Noridergos.

92 673 145 762 Β.
171 686 219 762 D.
267 685 319 761 Ut
333 689 481 758 veniens
495 713 612 760 annus
628 687 673 762 sit
689 687 823 762 faustus
839 701 873 760 et
888 685 995 758 foelix
1010 679 1079 756 Ec-

95 791 221 862 clesiae
247 803 282 860 et
313 785 476 882 hospitiis
511 791 608 872 eius,
642 805 677 864 et
700 802 834 862 vestrae
856 789 958 875 rubi,
992 811 1081 882 quae

91 893 146 962 'est
162 903 204 984 ,et
226 880 407 964 Ecclesiae
431 905 465 962 et
490 893 682 962 multarum
705 885 934 964 honestarum
950 891 1080 960 artium

90 987 308 1086 hospitium,
331 994 438 1064 iaciat
454 991 569 1064 Filius
583 991 651 1064 Dei
661 993 836 1066 Dominus
853 1006 974 1063 noster
984 989 1080 1081 lesus

90 1089 273 1174 Christus,
304 1093 367 1189 qui
388 1094 468 1164 ideo
483 1095 647 1166 assumsit
664 1120 813 1166 massam
836 1093 950 1166 nostri
973 1115 1080 1183 gene-

92 1194 162 1280 ris,
188 1209 230 1266 ut
251 1217 316 1266 nos
340 1195 409 1266 sibi
431 1195 582 1266 insertos
596 1209 765 1292 tanquam
779 1197 939 1268 surculos
954 1205 1080 1278 servet,

91 1295 184 1367 sicut
198 1295 331 1392 inquit:
344 1293 442 1392 ,Ego
457 1321 540 1368 sum
558 1293 661 1384 vitt’s,
684 1321 745 1368 vos
758 1293 947 1398 palmites.
986 1293 1077 1366 Pro-

90 1397 181 1467 iecto
203 1397 299 1467 enim
323 1423 399 1468 non
422 1395 618 1470 humanum
635 1400 758 1470 odium
780 1412 831 1469 est
855 1399 893 1467 in
914 1391 1077 1468 hostibus

91 1499 237 1580 vestris,
262 1501 322 1568 sed
347 1499 484 1593 quaerit
501 1497 675 1574 Diabolus
692 1499 930 1574 Ecclesiamm
953 1513 986 1568 et
1009 1491 1095 1591 ho·¹

90 1611 270 1698 uastarunt
289 1599 493 1692 politiorum
509 1603 739 1678 eversionem.
797 1595 851 1672 Eo
870 1599 980 1690 magis
997 1623 1076 1692 spe-

90 1723 210 1770 remus
230 1723 250 1771 a
271 1701 345 1770 filio
360 1699 429 1772 Dei
450 1701 640 1790 auxilium,
667 1717 701 1775 et
714 1715 873 1795 petamus
893 1703 930 1772 id
946 1701 1075 1771 arden-

89 1802 181 1887 tius,
207 1801 297 1874 sicut
318 1800 483 1873 leremias
504 1805 733 1875 vociferatur:
767 1799 807 1873 T
806 1829 829 1873 u
851 1801 891 1872 iu
912 1797 1018 1872 nobis
1039 1823 1075 1870 es

89 1897 264 1988 Domine,
278 1911 313 1974 et
329 1926 457 1974 nomeu
468 1911 570 2000 tutam
587 1903 792 1976 invocatum
809 1913 982 2000 estsuper
996 1925 1074 1984 nos,

90 2027 135 2074 rte
149 1997 295 2073 deseras
311 2027 390 2086 nos.
443 2005 552 2076 Mitto
567 2007 729 2100 pagellas
751 2007 931 2098 proximae
952 2003 1094 2096 dispu-·

89 2105 256 2189 tationis,
281 2130 370 2198 qnae
387 2109 580 2178 ostendunt
601 2110 646 2178 de
661 2107 797 2198 magnis
818 2109 924 2176 rebus
946 2105 1092 2196 passimf

89 2205 228 2274 moveri
244 2208 446 2293 certamina,
465 2221 611 2300 propter
620 2231 783 2304 quaenos
793 2209 980 2298 oportebat
988 2231 1076 2276 con-

88 2305 284 2376 iunctiores
300 2330 384 2381 csse.
436 2307 508 2379 Sed
524 2313 733 2380 commendo
748 2305 941 2378 Ecclesiam
959 2319 994 2376 et
1016 2329 1074 2374 me

87 2407 128 2476 iu
151 2429 193 2476 ea
214 2403 308 2480 Filio
331 2405 409 2478 Dei.
460 2407 625 2482 Habeant
638 2411 749 2484 nostri
766 2408 902 2481 inimici
914 2429 996 2480 suos
1011 2406 1090 2476 ad-'

85 2508 287 2600 plausores,
311 2513 415 2598 agant
444 2507 655 2603 triumphos.
704 2511 775 2584 Sed
797 2523 910 2582 astute
930 2507 1090 2578 iaciunt,

86 2605 272 2702 Nusquam
294 2621 408 2680 totum
434 2613 617 2682 doctrinae
638 2634 767 2703 corpus
781 2613 911 2692 edunt,
937 2624 1073 2681 tantum

85 2720 282 2800 excerpunt
308 2731 349 2778 ex
380 2713 514 2781 nostris
547 2713 672 2782 mutila
705 2713 877 2806 quaedam
907 2713 1074 2795 membra,

86 2831 242 2899 qnorum
265 2805 578 2900 reprehensionem
603 2815 721 2884 sciunt
739 2812 963 2905 plausibilem
990 2835 1074 2884 esse.

83 2912 206 3000 Spero
224 2934 280 2979 me
304 2913 402 2981 brevi
425 2937 464 2982 ex
491 2909 546 2982 ltis
566 2915 651 2984 rixis
678 2916 909 3004 migraturum
932 2935 1003 2981 esse
1031 2913 1074 2980 ad

84 3008 305 3096 Ecclesiam,
332 3014 369 3082 iu
396 3039 463 3108 qua
489 3015 565 3084 siue
588 3010 777 3104 sophistica
795 3015 892 3085 Deus
919 3015 1076 3083 celebra-

83 3109 199 3205 tur').
249 3108 329 3186 Oro
345 3114 455 3185 lilium
473 3111 541 3184 Dei
557 3131 596 3188 ut
621 3131 656 3186 te
673 3129 706 3188 et
727 3129 823 3186 tuam
848 3115 1075 3184 domesticam

82 3209 280 3282 Ecclesiam
313 3229 428 3288 servet
455 3232 491 3289 et
524 3232 693 3314 protegat.
746 3215 955 3289 benevale.
1007 3213 1074 3285 Dic

84 3309 244 3386 hume
272 3317 302 3409 i
771 3415 973 3534 satrapas.

87 3642 716 3670 mma-*m

82 3775 154 3860 No.
172 3787 286 3864 etse.

89 3879 264 3920 ΨΜ

334 4054 340 4088 t
415 3989 479 4080 Ι).
507 3961 765 4108 θλμίναοο.·’

153 4138 732 4224 mosea.ca,u·aspaatacressa
928 4236 929 4245 Ν

238 4345 243 4354 ·
279 4333 281 4339 ·
341 4297 533 4374 Doridi
549 4293 806 4399 Chytroso.

81 4427 296 4520 clarissime
315 4440 382 4517 Vir
395 4463 430 4520 st
446 4445 636 4524 Carissime
649 4452 769 4528 irater.
820 4449 900 4525 Etsi
914 4467 995 4526 ante
1010 4453 1073 4526 tri-

81 4547 198 4618 duum
221 4544 302 4616 misi
326 4547 461 4620 litteras
486 4555 530 4621 ad
556 4565 606 4638 te,
633 4551 827 4648 inquibus
854 4555 983 4647 gratias
1009 4581 1072 4650 ago

82 4639 167 4740 trapi
186 4641 393 4740 persidam,
425 4661 542 4723 tamen
568 4666 602 4724 et
626 4649 709 4724 huic
731 4656 861 4727 nuntio
888 4657 1071 4748 epistolam
1147 4718 1152 4728 .

80 4742 176 4822 dedi.
228 4743 395 4842 Optarim
411 4753 506 4822 enim
521 4777 588 4824 nos
607 4778 685 4826 uon
704 4754 820 4826 solu'm
844 4781 908 4848 per
930 4759 1073 4840 litteras,

79 4849 143 4920 sed
158 4871 278 4919 coram
296 4851 455 4946 quotidie
472 4853 630 4948 colloqui
656 4879 775 4947 posse,
801 4871 836 4928 ct
858 4857 1003 4953 quidem
1027 4859 1072 4930 il-

78 4951 125 5022 lis
147 4949 232 5042 ipsis
254 4951 299 5024 de
324 4955 448 5040 rebus,
481 4957 526 5026 de
549 4956 681 5050 quibus
709 4957 748 5026 in
770 4971 843 5033 tota
863 4961 1071 5032 aeternitate

78 5053 342 5151 colloquemur,
367 5079 441 5128 nou
455 5055 656 5160 ydeliogutn
674 5055 897 5152 tumultibus.
947 5057 1070 5136 Histo-

113 5303 147 5374 i)
163 5305 263 5375 Spsnb.
282 5307 431 5363 neudoset
449 5311 642 5366 celebrabituri
689 5275 693 5282 ·
767 5344 776 5364 ι
903 5341 906 5351 ·

111 5396 142 5463 ἱ)
158 5391 221 5448 Alis
236 5409 332 5450 merrus
344 5391 504 5468 adscripsit:
519 5413 586 5453 ann.
601 5395 680 5456 1⁵5.
725 5459 731 5472 ‚

1556 91 1578 130 f

1146 259 1254 342 arn
1278 261 1362 340 xer.
1414 233 1546 348 csse.
2033 273 2128 355 ,ρει

1137 433 1212 506 ries
1229 434 1335 506 etism
1351 439 1522 532 quaedam
1540 438 1579 508 in
1591 441 1693 512 brevi
1714 443 1852 535 pagella
1873 457 1989 536 nuper
2007 466 2123 520 sune

1135 547 1206 607 tate
1231 537 1325 610 misi.
1382 537 1507 610 Postea
1533 537 1838 628 bicForstsrum,
1868 541 2057 618 ltonestnm
2085 561 2121 620 st

1133 639 1280 709 doctum
1297 639 1433 726 virum,
1457 643 1600 733 linguae
1618 641 1757 716 Elsreae
1777 649 2006 738 interpretem
2027 649 2121 722 ami-

1134 741 1263 825 simus,
1287 740 1351 834 qui
1371 743 1502 814 multos
1525 745 1663 816 utiliter
1684 749 1822 833 dornit3
1846 772 1889 818 ae
1912 751 1956 819 de
1978 767 2118 822 succes·

1133 863 1212 913 sore
1234 843 1339 913 nobis
1364 843 1573 917 deliberatio
1600 848 1755 919 difficilis
1780 852 1858 922 erit.
1907 850 2025 922 ¹lldittt's
2051 851 2118 929 tibi

1131 939 1330 1036 Epistulam
1344 939 1675 1042 Edelhergsusem,
1701 975 1791 1044 quae
1806 966 1927 1022 narrat
1948 947 2117 1024 nostae

1128 1069 1198 1138 μα,
1233 1069 1304 1138 quo
1328 1048 1522 1137 petulantia
1545 1047 1758 1141 prohibetur
1777 1054 1958 1124 lacerandi
1978 1055 2117 1144 caligas,

1128 1147 1251 1240 ¹qualos
1266 1163 1349 1220 sunt
1371 1149 1525 1221 militurn
1550 1152 1589 1220 in
1606 1153 1726 1226 littore
1739 1169 1856 1226 vestro
1878 1155 2027 1244 caligae,
2051 1155 2116 1247 qui

1129 1248 1266 1326 utinam
1280 1251 1406 1342 procul
1421 1251 1458 1331 te
1475 1245 1639 1347 κόρακας
1652 1256 1812 1342 abirent,
1852 1254 1953 1327 Bene
1979 1271 2014 1328 et
2034 1253 2116 1328 feli·

1129 1349 1217 1422 citer
1229 1351 1320 1424 vale.
1371 1347 1438 1424 Dis'
1456 1351 1621 1429 Brumae.

1863 1454 2064 1551 Philippus.
2087 1497 2090 1502 ·

1123 1785 1353 1920 Q

1509 1961 1739 2048 Wersero.
1760 1995 1762 2000 ·
2118 1971 2121 1978 ’

1179 2089 1336 2162 Versert
1355 2095 1494 2180 epistole
1515 2089 1753 2171 ed'ltielsntb„
1781 2102 1816 2158 et
1840 2087 2063 2185 distentionis

1519 2195 1724 2262 responsum.
2081 2204 2086 2214 ·

1194 2277 1346 2354 Sepsrstirn
1362 2278 1465 2333 sditsee
1490 2315 1508 2340 „
1517 2269 1643 2347 [ssiteta
1656 2295 1676 2330 s
1685 2275 1829 2330 ersrs
1837 2272 1958 2334 Possem
1968 2271 2116 2354 Beriieo·

1228 2351 1256 2404 si
1263 2351 1370 2417 sumta
1388 2363 1427 2405 ex
1438 2351 1579 2403 mandate
1591 2345 1686 2401 Facu
1694 2345 1814 2412 Ittyrtet,
1836 2352 1864 2400 st
1879 2349 2058 2409 praestructa
2076 2341 2115 2392 ab

1230 2436 1263 2470 eo
1273 2417 1409 2488 formula
1429 2419 1469 2468 ad
1487 2413 1561 2467 Paa.
1580 2413 1805 2480 distentionem,
1825 2441 1854 2452 —
1878 2439 1907 2451 -
1927 2417 1954 2461 et
1968 2406 2114 2473 responsio

1228 2487 1270 2544 o.
1286 2485 1361 2542 ent.
1372 2483 1439 2538 na.
1454 2487 1494 2536 aa
1512 2486 1597 2536 mam
1615 2481 1802 2548 aarum
1818 2477 1937 2548 (vtes.)
1953 2493 2017 2536 aas.
2034 2475 2114 2538 asse
2182 2479 2184 2484 ‘

1224 2559 1253 2610 4.
1290 2554 1474 2626 apographon
1486 2553 1630 2624 utriusqus
1645 2547 1724 2622 epist.
1737 2549 1852 2607 babetur
1870 2550 1899 2602 in
1913 2545 1975 2602 cod.
1986 2545 2065 2600 Mon.
2079 2541 2115 2600 ll.

1221 2645 1255 2698 p·
1269 2625 1333 2682 20⁵.
1359 2642 1390 2678 er
1409 2623 1444 2680 im
1466 2639 1542 2676 resso
1560 2617 1737 2690 descriptum.
1778 2621 1838 2672 Nos
1857 2617 1917 2670 illas
1940 2611 2063 2668 dedimus
2084 2630 2115 2666 es

1230 2693 1388 2776 srcbetypo.
1426 2691 1491 2745 th.
1508 2707 1577 2760 quse
1592 2687 1621 2742 in
1640 2687 1761 2758 epistolis
1778 2683 2012 2742 Sobolsstlsosunt
2035 2681 2114 2740 Vlu-

1227 2763 1401 2824 bsroesnssnm
1423 2779 1450 2831 p.
1472 2761 1498 2814 9.
1515 2759 1548 2817 de
1572 2757 1624 2814 bes
1641 2755 1759 2828 ¹epistole
1783 2757 1928 2836 leguntur,
1949 2753 1995 2808 ubi
2017 2751 2114 2834 Pastor

1229 2829 1385 2885 Barbiensis
1398 2829 1498 2882 dicitur
1515 2825 1679 2881 subornatus
1695 2844 1710 2879 s
1727 2823 1840 2892 flacio,
1855 2819 2035 2895 quil'ormsrn
2053 2837 2113 2892 sps·

1225 2895 1311 2954 stolae
1323 2907 1408 2952 totam
1422 2898 1445 2952 ei
1462 2891 1686 2969 praescripsisset.
1749 2916 1752 2924 ¹
2088 2902 2092 2913 ·

1125 3164 1352 3247 Clarissimo
1378 3169 1474 3250 viro,
1497 3052 1667 3240 decusib
1694 3173 1727 3236 el
1750 3162 1886 3261 pietate
1902 3160 2116 3260 praedouli

1126 3275 1242 3351 Dum.
1266 3269 1495 3371 Philippo
1517 3261 1853 3352 Melanthoai,
1886 3263 2115 3363 peremptori

1360 3398 1431 3446 sao
1445 3395 1590 3468 semper¹
1600 3363 1752 3442 colendo
1766 3367 1805 3442 St
1818 3366 1864 3442 D·

1125 3495 1347 3587 Veneranda
1368 3521 1402 3578 et
1420 3527 1557 3597 semper
1576 3503 1722 3574 colende
1739 3513 1957 3592 praeceptor.
2007 3495 2112 3568 Nuu-

1127 3611 1294 3708 quamde
1311 3623 1370 3682 tua
1386 3609 1569 3677 voluntate
1586 3603 1765 3688 dubitavi,
1786 3615 1820 3672 et
1836 3602 1896 3693 pio
1911 3599 2030 3670 animo
2048 3591 2112 3670 ds·

1115 3709 1329 3811 finitionem
1355 3703 1580 3802 Evangelii,
1612 3731 1682 3800 qua
1704 3701 2002 3798 praedicationem
2025 3718 2112 3798 poe·

882 3797 1076 3920 ‘lQ‘
1127 3813 1296 3889 nitentiae
1320 3809 1582 3903 complecteris,
1615 3820 1691 3877 ate
1713 3805 1864 3898 positam
1891 3805 2008 3894 credo.
2061 3798 2112 3872 At

1125 3909 1281 4010 vicini¹)
1304 3925 1590 4006 conquenrntur,
1615 3903 1682 3994 hae
1703 3906 1857 3998 generali
1873 3901 2110 3996 descriptione

1127 4015 1409 4092 Antinomorum
1442 4013 1580 4083 furores
1613 4007 1835 4092 confirmari,
1867 4005 1930 4100 qui
1962 4005 2111 4074 contesi-

1127 4126 1235 4194 dnnt:
1271 4115 1493 4208 evangelium
1523 4126 1557 4183 et
1578 4112 1725 4203 gratiam
1751 4119 1890 4180 tantum
1912 4107 2110 4176 docendam

1126 4248 1220 4308 esse,
1245 4245 1290 4290 ne
1305 4214 1469 4288 homines
1485 4214 1571 4302 legis
1586 4209 1923 4284 comminationibus
1938 4204 2110 4278 'etiulml-

1125 4327 1233 4396 nibus
1250 4331 1460 4394 terreantur.
1486 4311 1627 4388 Mniseu
1644 4335 1750 4406 quam
1767 4309 1972 4400 longissime
1986 4331 2006 4376 a
2022 4326 2110 4376 con·

1126 4427 1289 4498 cionibus
1311 4421 1527 4514 pellendum.
1580 4413 1761 4484 Mirantur
1782 4407 2111 4492 tuum'consilium,

1125 4529 1186 4624 qui
1210 4525 1313 4600 toties
1337 4523 1493 4594 inculcas
1515 4516 1704 4588 discrimen
1738 4513 1827 4602 legis
1859 4523 1893 4582 et
1925 4507 2111 4600 evangelii.

1125 4623 1281 4712 Fateris,
1315 4621 1522 4693 confusione
1558 4613 1684 4687 barum
1718 4615 1981 4694 doctrinarum,
2020 4629 2111 4704 quas

1118 4733 1195 4815 line
1218 4739 1252 4798 et
1271 4725 1396 4795 effectu
1413 4721 1603 4802 dissident,
1630 4715 1785 4788 veritatis
1805 4715 1919 4784 lucem
1941 4712 2111 4781 obtenta·

1125 4845 1196 4904 tam
1213 4845 1247 4900 et
1263 4849 1372 4922 paene
1387 4823 1572 4893 extinctam
1589 4843 1673 4892 esse.
1725 4814 1865 4887 Nollem
1882 4813 2002 4906 itaque
2026 4810 2110 4879 unl-

1124 4931 1318 5004 camillam
1344 4949 1465 4995 vocem
1490 4923 1592 4993 novis
1615 4917 1870 4990 certaminibus
1891 4911 2109 4984 occasionem

1123 5033 1304 5130 praebere.
1363 5025 1405 5096 ln
1431 5025 1576 5118 privatis
1601 5019 1839 5092 simultatibus
1863 5017 1968 5087 etiam
1991 5025 2110 5104 gestus

1122 5135 1279 5209 severior
1291 5127 1527 5222 suspicionem
1545 5123 1681 5196 offenso
1705 5133 1834 5194 movet.
1881 5115 2000 5190 Priori
2021 5137 2108 5209 qus—
2232 5123 2234 5126 ’

1130 5269 1341 5328 ιιι-μ’·-

1069 5459 1074 5468 ,
1161 5399 1190 5466 ί)
1208 5395 1226 5455 Ι.
1240 5413 1264 5452 s.
1279 5393 1410 5460 entus,
1425 5399 1485 5446 ttttn
1498 5341 1820 5458 Usgsleburglrersstus.

1786 1801 1865 1884 (12.
1882 1807 1931 1865 vel
1950 1811 2006 1871 13.
2019 1799 2113 1878 Deo.)
