4712 5828
252 239 329 312 279
813 225 1245 306 sels'rotmltttss

1297 227 1405 304 ΗΒ.
1428 225 1513 307 xtt.
1568 225 1699 305 rost.
2218 231 2298 308 280

256 415 467 486 recentiores
490 423 627 483 tantum
649 411 799 490 audere,
825 421 865 478 ut
880 409 924 478 dc
937 431 976 476 re
992 421 1090 478 tanta
1110 427 1130 475 a
1147 419 1247 475 vetu-
1272 411 1276 474 t
1300 403 1449 474 sentiam
1466 403 1506 472 in
1524 423 1589 474 suo
1608 403 1749 494 agmine
1768 401 1935 478 ostendit.
1986 399 2160 498 Exempla
2183 407 2298 478 multe

124 581 127 604 ,
256 531 342 588 state
356 517 595 600 discederent,
622 513 721 606 quasi
737 535 811 580 non
827 523 861 580 ct
875 511 1040 580 audacter
1055 509 1124 580 alia
1137 507 1248 578 finxe-
1272 483 1277 542 ¹

257 620 340 691 rint.
392 616 445 688 De
469 631 542 686 tota
559 639 598 685 re
619 637 736 684 coram
762 613 1024 706 colloquemur,
1051 611 1133 707 quia
1152 635 1248 680 corn-

257 721 361 811 plecti
379 719 536 810 epistolis
551 742 624 788 non
640 739 791 808 possum.
830 713 927 786 Bene
944 715 1032 789 vale.
1082 714 1153 784 Pro
1171 713 1249 782 cul-

259 825 322 892 tris
342 823 494 915 pagellas
509 821 574 892 tibi
591 821 692 890 mitto
710 811 760 909 l).
813 815 855 888 ln
872 815 1087 891 Pentecoste.

998 915 1198 1013 Philippus.

260 1151 329 1160 -η--ι

263 1296 472 1426 Q:

513 1485 670 1570 -Ioaoln
695 1483 981 1572 'Gonrerare'o

329 1641 413 1714 Epist.
424 1613 614 1702 sd'Gsmersr.
628 1663 656 1718 p.
669 1643 731 1700 682.
749 1643 802 1711 (ed.
814 1641 906 1697 Lond.
921 1641 968 1697 lib.
980 1637 1027 1694 lV.
1042 1657 1085 1712 ep.
1101 1637 1186 1706 852).

260 1795 485 1874 Clarissimo
509 1802 588 1872 viro
615 1798 818 1874 eruditione
845 1810 876 1872 et
894 1799 1024 1870 virtute
1043 1793 1254 1898 praestanti

298 1898 837 1989 IoachimoCamerario
850 1901 978 2003 fratri
992 1925 1062 1974 suo
1084 1899 1213 1974 eariss.

262 2039 309 2127 S.
333 2051 379 2127 D.
429 2049 507 2144 Ego
531 2079 615 2126 vero
638 2081 712 2126 non
738 2054 863 2126 leviter
891 2051 1072 2125 excrucior
1100 2075 1183 2122 cura
1210 2053 1253 2120 de

262 2157 421 2251 Synodo,
444 2171 573 2228 etcum
590 2158 658 2229 alia
674 2157 786 2229 multa
801 2157 928 2248 cogito,
954 2169 1030 2226 tum
1047 2179 1131 2225 vero
1148 2153 1253 2224 etiam

262 2260 329 2328 iter
351 2251 542 2329 Iohannis
564 2257 671 2335 Rom.
695 2259 896 2345 Pontificis,
929 2259 991 2352 qui
1012 2254 1254 2336 Constantine,

263 2385 341 2430 cnm
362 2361 601 2434 obiicerentur
619 2363 652 2432 ei
665 2363 777 2433 multa
800 2361 969 2444 crimina,
995 2359 1194 2451 respondit:
1218 2381 1254 2427 se

263 2463 362 2553 peius
383 2464 523 2549 fecisse,
553 2468 649 2558 quod
679 2467 724 2534 ad
747 2463 933 2560 Synodum
962 2463 1125 2535 venisset.
1183 2459 1253 2534 Sed

264 2567 475 2635 commendo
507 2590 574 2636 nos
607 2567 692 2638 Deo.
744 2565 859 2636 Aulae
892 2565 1061 2635 videntur
1088 2561 1253 2632 delectari

265 2667 395 2736 nostris
423 2669 687 2738 certaminibus.
758 2663 806 2738 Et
827 2667 985 2738 fortassis
1008 2669 1160 2736 aderunt
1183 2663 1255 2734 duo

265 2767 339 2848 illi,
367 2793 457 2862 qnos
478 2765 665 2860 Appianus
691 2770 843 2861 scriptor
871 2765 1040 2839 historiae
1070 2767 1120 2837 ait
1147 2766 1256 2836 fuisse

265 2863 489 2966 Polyphemi
507 2871 608 2940 filios.
658 2867 706 2941 Et
729 2872 873 2964 quidem
904 2873 951 2942 ita
980 2870 1036 2940 illi
1059 2867 1257 2938 narrationi

264 2973 378 3057 favet,
402 2987 443 3043 nt
456 2969 566 3058 dicat,
591 2969 654 3046 καὶ
667 2967 753 3046 τόδε
769 2968 835 3065 μοὶ
849 2965 1031 3066 μάλιστα,
1054 2965 1170 3043 πολλὰ
1183 2995 1256 3065 μυ-

265 3066 461 3147 eceterae
477 3071 583 3169 ἕτερα
602 3079 768 3160 πολλῶν,
796 3071 952 3172 ἀρέσκει.
1008 3073 1078 3146 Sed
1095 3069 1181 3143 haec
1197 3097 1256 3142 co-

266 3199 353 3248 ram.
395 3173 485 3245 Nam
503 3179 545 3246 ad
563 3202 626 3250 vos
643 3179 786 3272 quidem
801 3177 954 3250 libenter
966 3177 1108 3247 accedo.
1159 3173 1257 3244 Bene

267 3291 303 3346 et
318 3277 467 3347 feliciter
482 3279 570 3354 vale.
608 3275 687 3350 Oro
703 3279 816 3347 filium
834 3277 901 3349 Dei
912 3293 951 3350 nt
965 3295 999 3349 te
1013 3293 1047 3349 et
1063 3273 1256 3346 Ecclesiam

266 3393 363 3448 tuam
378 3380 606 3450 domesticam
628 3395 740 3472 servet
762 3380 989 3452 incolumem.
1042 3375 1140 3449 XVl.
1157 3377 1257 3449 Maii.

1009 3477 1208 3574 Philippus.

269 3709 592 3719 mun—..-

1107 3867 1248 3986 Qi

266 3861 460 3990 Q.

410 4005 418 4020 .
486 4051 613 4138 Hier.
646 4049 1036 4162 Baamgartnero.

335 4225 421 4298 Epist.
440 4226 487 4282 lib.
501 4223 548 4280 Vl.
558 4243 597 4346 ,9.
613 4223 662 4280 158
672 4241 714 4296 sq.
751 4221 802 4278 llic
822 4241 852 4274 cs
871 4221 1040 4294 sutoqrspbo
1059 4222 1087 4276 in
1106 4223 1167 4278 cod.
1190 4223 1256 4278 Μο-

371 4313 430 4350 nac.
443 4293 464 4352 l.
482 4314 508 4366 p.
524 4293 557 4348 13
576 4333 584 4348 .

267 4446 553 4542 Hieronymo
585 4442 947 4542 Bomgartnero‚
991 4443 1168 4519 Senatori
1199 4448 1258 4519 in-

540 4545 659 4644 clytae
675 4547 777 4621 urbis
790 4544 990 4644 Noriberg.

267 4685 315 4774 S.
340 4697 385 4775 D.
438 4697 653 4795 Quanquam
679 4699 790 4770 iustae
811 4725 944 4792 poenae
967 4727 1030 4794 per
1054 4727 1164 4794 genus
1188 4699 1257 4774 hn-

265 4827 412 4874 manum
427 4815 618 4894 vagantur,
643 4815 761 4872 tamen
777 4799 893 4874 Filius
907 4803 977 4874 Dei
1000 4805 1171 4876 immensa
1188 4805 1256 4874 mi-

266 4907 454 4978 sericordia
470 4907 559 4976 lenit
570 4901 748 4977 Ecclesiae
763 4905 978 4978 calamitates
993 4921 1026 4976 ct
1040 4929 1138 4978 snam
1154 4931 1256 4998 prae-

266 5066 473 5079 affl

300 5147 1135 5300 ·>.¹2.².‡:¹.¹eart..‘t·..·tsteat.¹.·.ts¹t⁵.t.a
1150 5151 1256 5275 tn:

333 5289 441 5361 pbalns,
465 5299 492 5342 et
505 5305 574 5343 amas
589 5297 647 5342 erat
662 5304 735 5340 enno
751 5287 829 5340 esst.
844 5305 874 5340 es
886 5287 920 5342 de
932 5309 963 5343 re
974 5287 1131 5362 disputatio.
1167 5290 1254 5345 Vide·

332 5371 379 5413 tur
392 5359 400 5412 i
419 5356 475 5410 itur
487 5359 553 5411 haec
567 5375 610 5430 ep.
622 5356 655 5410 ad
670 5373 735 5411 sun.
751 5353 998 5430 reseruemus,
1015 5359 1061 5415 nbi
1076 5360 1131 5415 dies
1146 5369 1253 5432 pentec.

333 5428 385 5482 fuit
420 5425 574 5483 .1t.1ttsit.

1301 505 1406 576 etiam
1431 501 1487 576 his
1504 505 1609 578 annis
1622 507 1796 581 videmus.
1844 503 1894 579 Et
1914 501 1984 578 boe
2005 531 2102 578 anno
2119 507 2301 581 divinitus

1299 609 1449 700 repressi
1466 623 1550 682 snut
1563 603 1733 704 Lamyri
1744 621 1913 696 consens,
1938 631 2043 705 quem
2059 613 2125 682 etsi
2142 633 2218 682 non
2235 611 2296 680 de-

1301 711 1380 781 sino
1393 725 1567 800 metuere,
1592 726 1710 783 tamen
1729 735 1830 804 spero
1851 711 2024 808 lacrymas
2044 727 2079 786 et
2094 728 2180 786 vota
2202 717 2300 784 mnt-

1301 827 1416 884 tarum
1444 813 1584 907 piamm
1603 815 1819 886 familiarum
1847 817 1942 908 apud
1965 837 2029 886 vos
2052 829 2088 888 et
2111 817 2202 888 alibi
2226 843 2301 887 non

1300 916 1377 986 fore
1400 916 1513 992 irrita.
1564 916 1726 989 Minatus
1746 932 1798 988 est
1822 917 1989 988 atrociter
2010 919 2138 989 vicinis
2158 919 2302 992 Silesiis

1303 1033 1338 1090 et
1351 1018 1447 1088 aliis:
1475 1021 1536 1090 sed
1551 1019 1728 1091 nuncubi
1743 1020 1788 1092 sit
1809 1043 1883 1090 non
1900 1021 1984 1092 scio.
2035 1015 2148 1092 Aiunt
2165 1025 2212 1093 ad
2231 1022 2300 1092 Pa·

1302 1135 1421 1192 troum
1454 1122 1655 1202 accessisse,
1693 1123 1831 1194 utinam
1863 1123 1967 1194 abeat
2000 1117 2087 1220 te*)
2120 1117 2299 1220 κόρακας.

1301 1219 1599 1294 Commendamus
1622 1237 1744 1296 nostra
1772 1225 1932 1318 pericula
1955 1221 2024 1294 Dei
2044 1225 2118 1296 filio
2139 1221 2301 1296 Domino

1302 1339 1424 1396 nostro
1441 1321 1520 1397 lesu
1534 1319 1696 1414 Christo,
1721 1327 1783 1422 qni
1801 1327 1908 1408 dixit,
1933 1319 2056 1400 Nemo
2078 1325 2198 1427 rapiet
2219 1353 2300 1399 oves

1302 1451 1402 1496 meas
1427 1449 1473 1498 ee·
1493 1425 1669 1499 manibus
1690 1427 1790 1506 meis.
1842 1425 1917 1500 llas
1931 1431 2071 1500 divinas
2091 1431 2303 1524 promissio-

1303 1553 1365 1600 nes
1380 1553 1455 1600 non
1471 1531 1711 1603 existimemus
1728 1533 1850 1602 inanes
1867 1533 2005 1604 sonitus
2024 1555 2117 1620 esse,
2138 1537 2200 1605 sed
2220 1559 2302 1604 vere

1304 1633 1350 1702 ab
1372 1625 1441 1703 hoc
1462 1635 1607 1705 custode
1624 1629 1802 1705 Ecclesiae
1826 1635 2008 1722 crucifixo,
2033 1650 2068 1706 et
2093 1637 2302 1708 resuscitato

1303 1733 1460 1806 Domino
1483 1750 1605 1807 nostro
1628 1737 1708 1807 lesu
1729 1731 1873 1808 Christo
1894 1751 2055 1830 petamus
2081 1751 2117 1808 et
2140 1755 2303 1832 expecte-

1304 1860 1383 1908 mus
1397 1837 1570 1908 auxilium
1584 1837 1629 1908 de
1644 1840 1911 1931 protectionem.

1405 1971 1573 2068 Synodus
1591 1974 1724 2045 indicta
1743 1989 1813 2059 est,
1835 1975 1928 2046 utin
1945 1975 2022 2068 ripe
2038 1973 2142 2048 Salac
2159 1975 2198 2046 in
2215 1978 2303 2046 urbe

1304 2069 1517 2172 Naopyrgo
1535 2075 1750 2146 conveniant
1769 2077 1906 2171 aliquot
1922 2079 2090 2150 docentes
2112 2079 2152 2148 in
2176 2075 2303 2148 Eccle-

1305 2177 1367 2248 siis
1381 2175 1561 2265 Suevicis,
1584 2175 1761 2250 Hessiacis
1786 2191 1822 2250 et
1843 2179 1986 2254 nostris.
2038 2178 2120 2252 Non
2142 2181 2218 2252 seio
2234 2207 2302 2274 qua

1306 2281 1350 2351 de
1373 2304 1412 2350 re
1433 2281 1546 2350 velint
1563 2279 1771 2361 deliberari,
1799 2275 1838 2350 hi
1855 2282 1917 2376 qui
1940 2306 2007 2352 nos
2029 2283 2225 2354 convenire
2247 2284 2302 2352 iu-

1305 2385 1402 2455 bent.
1459 2381 1578 2454 Multa
1605 2381 1781 2474 suspicor,
1813 2397 1848 2454 et
1875 2383 1991 2471 cogito
2022 2380 2211 2456 historiam
2236 2379 2301 2454 Io-

1306 2477 1447 2554 hannis
1470 2481 1629 2556 Romani
1649 2483 1850 2572 Pontificio,
1887 2487 1950 2581 qni
1971 2482 2220 2559 Constantiam
2246 2513 2303 2556 ac-

1306 2586 1410 2656 cessit
1424 2586 1611 2657 accersitns
1630 2587 1676 2658 ab
1689 2583 2178 2683 lmpemore'Srpismundo.
2232 2589 2300 2662 Sed

1307 2691 1351 2759 de
1369 2683 1438 2758 hoc
1455 2701 1632 2760 conventu
1659 2689 1831 2774 scribam,
1861 2691 1925 2761 ubi
1948 2691 2076 2763 videro
2095 2687 2166 2786 τὴν
2186 2713 2302 2764 κατα-

1308 2783 1488 2888 στροφήν.
1521 2785 1600 2861 Oro
1608 2789 1742 2862 Filium
1757 2787 1825 2862 Dei
1839 2805 1880 2863 ut
1895 2817 1961 2864 uos
1976 2817 2100 2866 omnes
2117 2796 2301 2886 gubernet.

1307 2890 1406 2964 Bene
1421 2907 1456 2964 et
1472 2893 1623 2966 feliciter
1639 2894 1727 2968 vale.
1778 2893 1838 2964 die
1859 2893 1916 2970 16.
1933 2895 2036 2968 Maii.

2050 2995 2251 3093 Philippus.

1315 3225 1529 3234 ---.-------·
1550 3223 1562 3238 ι
1579 3228 1650 3236 —.-
1665 3229 1673 3235 -
1686 3229 1723 3235 ..-.
1747 3227 2153 3238 a--a—o—--n—..om
2162 3231 2213 3238 --φ
2225 3228 2306 3236 —-----

2150 3383 2204 3447 16.
2220 3375 2302 3443 Maii.

2156 3473 2291 3502 M

1311 3364 1503 3492 Q.

1595 3567 1705 3684 Gptr.
1735 3569 2028 3658 Stattms'onr'.

1378 3743 1462 3816 Epist.
1482 3744 1530 3802 lib.
1543 3743 1575 3802 ll.
1594 3765 1621 3818 p.
1633 3743 1694 3801 418.
1712 3745 1765 3816 (ed.
1783 3744 1870 3801 Laud.
1888 3745 1937 3804 ttts.
1950 3745 1983 3800 ll.
2001 3759 2045 3814 ep.
2057 3743 2141 3814 ΗΖ).

1429 3901 1484 3980 D.
1511 3893 1863 4004 Christophoro
1885 3899 2183 3978 Stathmioni

1311 4042 1361 4134 S·
1389 4057 1433 4132 D.
1484 4055 1577 4129 Cum
1589 4056 1833 4130 Cancellarius
1850 4051 2089 4154 Mingvieisss
2112 4073 2147 4131 et
2167 4060 2299 4132 intelli-

1310 4174 1368 4251 gat
1382 4161 1592 4252 dignitatem
1605 4162 1821 4254 optimarum
1837 4161 1985 4258 artium,
2011 4187 2162 4256 quarum
2179 4164 2307 4256 cogni-

1310 4263 1408 4334 tione
1422 4278 1457 4335 ct
1472 4286 1540 4334 usu
1555 4265 1708 4336 multum
1730 4267 1897 4358 prodesse
1915 4264 2009 4336 vitae
2033 4267 2220 4336 communi
2241 4291 2299 4359 po-

1310 4379 1381 4450 tes,
1412 4377 1447 4435 et
1475 4377 1603 4436 natura
1631 4367 1802 4439 iustitiam
1833 4379 1869 4438 et
1895 4367 2163 4438 beneficentiam
2191 4383 2298 4440 amet:

1309 4491 1412 4560 spero
1434 4491 1515 4538 eum
1536 4467 1604 4539 tibi
1624 4493 1699 4540 non
1720 4470 1926 4542 defuturum
1943 4491 2017 4540 esse
2037 4469 2076 4538 in
2092 4470 2194 4556 aula,
2223 4472 2251 4542 si
2269 4471 2298 4539 ei

1309 4593 1464 4662 exponas
1476 4571 1563 4665 quid
1577 4583 1686 4663 petas.
1729 4568 1807 4663 Ego
1823 4597 1895 4667 quo
1910 4573 1949 4642 in
1965 4573 2044 4642 loco
2060 4573 2127 4642 sim
2141 4571 2298 4644 memini.

1309 4669 1378 4744 Sed
1401 4683 1519 4742 tamen
1535 4697 1617 4744 vere
1639 4675 1827 4746 adfirmare
1843 4697 2005 4767 possum,
2029 4687 2063 4744 te
2079 4697 2098 4744 a
2114 4699 2172 4744 me
2187 4676 2297 4764 diligi,

1310 4785 1344 4843 et
1365 4767 1458 4843 hanc
1472 4776 1757 4848 benevolentiam
1776 4779 1847 4848 tuis
1868 4799 1925 4846 me
1941 4777 2204 4848 declaraturum
2229 4800 2297 4848 esse

1309 4875 1514 4969 ubicunque
1535 4891 1671 4970 potero.
1729 4878 1870 4952 Scimus
1891 4879 2072 4950 saevitiam
2097 4892 2296 4972 temporum

1309 4977 1486 5069 sapienter
1515 4979 1698 5051 ferendam
1724 5005 1816 5068 esse,
1848 4995 1889 5052 ut
1912 4981 1943 5051 si
1973 4981 2010 5049 in
2037 4982 2162 5072 pelago
2187 4982 2295 5052 saevis

1307 5081 1571 5170 tempestatibus
1584 5084 1840 5174 navigaremus.
1870 5079 1919 5154 Et
1930 5094 2049 5152 tamen
2064 5107 2168 5176 spero
2182 5084 2294 5158 Deum

1308 5181 1467 5273 publicas
1489 5197 1524 5254 et
1547 5183 1702 5278 privatas
1717 5185 1932 5258 calamitates
1950 5185 2196 5278 mitigeturum
2215 5207 2294 5266 esse,

1340 5431 1371 5505 *t
1389 5431 1490 5504 Spania.
1503 5429 1589 5486 edidit
1600 5433 1646 5494 stc.
