4712 5828
247 229 325 306 239

249 419 396 472 caussas.
449 392 518 466 Sed
534 395 667 464 interea
683 393 888 464 memineris
901 394 1027 482 velim,
1053 397 1150 490 quod
1168 419 1241 467 una

248 497 442 576 Ecclesiam
466 495 568 568 navis
588 491 711 582 vehat,
740 519 830 588 quae
851 499 931 567 cu'm
948 497 1107 591 undique
1124 497 1242 569 flucti-

248 607 317 676 bus
340 600 582 684 concutiatur,
613 597 743 688 singuli
767 591 927 694 ἐμβάται
944 601 1084 670 dolores
1101 599 1240 692 aliquos

249 705 420 778 sentiunt.
470 699 514 772 ln
532 695 599 772 hac
612 701 697 770 navi
713 724 792 769 cum
808 715 846 772 tu
862 725 1003 796 quoquc
1021 701 1084 786 sis,
1108 703 1240 790 cogita-

832 217 1265 300 EPlSTOLARUM
1315 227 1526 308 LlB.Xll.
1581 233 1711 312 1664.

2210 249 2284 326 240

1292 413 1367 471 toto
1386 403 1534 496 collegio
1550 423 1666 480 vestro
1681 415 1831 492 studeat.
1866 413 1964 488 Bene
1982 432 2016 492 et
2032 419 2184 496 feliciter
2199 425 2283 498 vale.

1292 501 1359 572 Die
1377 507 1593 599 aequinoctii
1611 515 1721 588 verni.

1985 618 2184 718 Philippus.

249 810 361 880 biset
386 804 450 874 tibi
480 803 644 873 serendas
675 824 748 870 esse
777 803 958 873 interdurn
989 805 1240 896 quassationcs.
1287 795 2160 866 ·---——-—-------.-.-.-„„-ss
2211 860 2286 869 -.-

247 905 437 982 Anchoras
450 901 565 992 ¹habet
582 905 685 976 duas:
717 901 844 974 Fidem
861 904 1058 978 intuentem
1074 929 1241 998 praesen-

247 1013 334 1082 tiam
350 1009 437 1082 Filii
451 1007 540 1090 Dei,
571 1019 606 1076 et
627 1029 741 1100 spem,
774 1031 863 1100 quae
879 1019 1036 1100 expectat
1049 1007 1240 1097 mitigatio-

250 1139 332 1184 nem
354 1125 388 1184 et
409 1107 712 1183 conservationem
733 1109 847 1180 nostri
865 1109 1027 1200 agminis.
1077 1107 1173 1194 Scis,
1199 1133 1241 1178 ex

250 1239 322 1310 quo
345 1215 444 1284 sonte
465 1212 616 1304 petenda
635 1211 680 1282 sit
695 1209 794 1280 tinna
812 1211 1024 1294 consolatio,
1049 1209 1134 1280 inde
1150 1207 1240 1280 bau-

250 1317 322 1388 rias
344 1313 500 1386 remedia
525 1312 702 1382 dolomm.
765 1310 809 1382 In
832 1335 903 1405 quo
926 1313 1026 1382 luctu
1048 1335 1240 1397 versemur,

250 1440 436 1510 cognosces
464 1437 505 1484 ex
535 1408 591 1482 his
616 1414 781 1506 pagellis,
814 1437 903 1506 quae
930 1415 1141 1498 ostendunt,
1175 1436 1241 1482 nos

250 1543 391 1615 quoque
411 1507 647 1603 συστενάζειν
667 1519 714 1608 τῇ
732 1509 914 1610 ἐκκλησίᾳ.
967 1515 1129 1586 Scribere
1144 1517 1241 1586 enim

249 1623 324 1714 ipse
353 1643 438 1714 prae
468 1619 592 1688 dolore
618 1617 836 1690 tristissimos
861 1639 960 1686 casus
986 1641 1060 1686 non
1087 1642 1240 1710 possum.
1317 1660 1323 1673 -

247 1719 371 1796 Audio
393 1722 499 1794 etiam
522 1718 798 1808 Noribergenses
820 1742 892 1788 esse
920 1719 956 1788 in
982 1741 1109 1809 magno
1133 1733 1241 1790 metu.

248 1823 340 1898 Nam
362 1821 532 1916 Episcopi
557 1833 730 1914 putantur
752 1821 880 1892 facturi
904 1845 1024 1912 pacem
1047 1845 1126 1890 cnm
1145 1819 1188 1896 N.
1203 1813 1241 1916 *)

247 1929 346 2020 quod
367 1927 399 1996 si
418 1947 543 1996 verum
565 1935 634 2004 est,
664 1925 792 1994 deserti
807 1924 859 1993 tui
877 1921 1062 2014 populares
1077 1923 1143 1992 soli
1166 1947 1241 1991 mo-

248 2031 318 2098 lem
333 2027 419 2100 belli
432 2025 669 2098 sustinebunt.
721 2023 817 2095 Dens
833 2025 904 2092 illis
920 2024 1110 2094 clementer
1122 2037 1242 2116 parcat

250 2144 285 2201 et
305 2153 410 2220 opem
425 2129 528 2202 serat.
578 2123 675 2196 Bene
690 2141 724 2198 et
741 2126 892 2196 feliciter
909 2127 997 2196 vale.
1030 2123 1242 2220 DieAequi-

250 2233 359 2302 noctii
378 2229 490 2302 verni.
545 2221 654 2302 1554.

759 2324 948 2422 Philippus
965 2327 1190 2404 Melanthon.

261 2691 326 2764 NO.
345 2691 459 2767 5568·
978 2699 1027 2756 die
1044 2701 1215 2778 aequinoot.

255 2789 466 2826 Μ
961 2793 1241 2823 m

578 2879 656 2965 Ge.
684 2877 909 2964 Fabricio.

318 3049 335 3112 †
356 3044 392 3098 Er
406 3041 559 3116 apographo
574 3043 601 3096 in
615 3042 710 3097 codice
727 3041 884 3100 Zittariensi
898 3063 941 3114 cp.
956 3043 999 3096 31.

274 3197 479 3296 Gedrgio
502 3195 756 3281 Fabricio,
782 3201 949 3295 (gubern.
968 3195 1091 3274 Senot.
1111 3195 1217 3270 Mis-

681 3303 801 3394 nens.)

249 3425 297 3512 S.
322 3438 366 3510 D.
415 3431 553 3527 Exiguo
576 3436 765 3506 intervallo
790 3431 876 3504 haec
892 3438 987 3526 regio
1002 3439 1090 3506 duos
1109 3435 1241 3526 prinei-

247 3566 308 3634 pes
324 3538 349 3634 ¹)
373 3538 509 3622 amisit,
535 3537 598 3632 qui
613 3537 717 3606 ambo
733 3538 853 3606 brevia
872 3551 906 3607 et
922 3539 1082 3632 inquieta
1098 3538 1190 3607 vitae
1207 3551 1241 3606 et

138 3661 140 3672 ’
248 3640 515 3732 gubernationis
545 3639 655 3732 spatia
687 3635 910 3722 habuerunt,
947 3641 1007 3734 qni
1037 3641 1067 3708 si
1091 3641 1241 3710 fuissent

249 3743 458 3826 concordes,
484 3765 606 3810 eorum
630 3741 833 3811 coniunctio
851 3755 884 3810 et
900 3743 1033 3832 patriae
1048 3755 1082 3812 et
1098 3741 1183 3832 ipsis
1200 3765 1240 3810 ac

247 3869 331 3914 vero
345 3843 511 3914 universo
530 3840 743 3911 Germaniae
759 3844 922 3914 salutaris
938 3845 1070 3916 suisset.
1105 3839 1159 3912 Ac
1174 3843 1240 3911 do·

247 3948 316 4030 lui,
344 3944 476 4016 semina
500 3944 697 4013 discordiae
713 3945 807 4013 inter
821 3968 880 4013 eos
897 3945 1013 4036 spargi
1029 3958 1110 4014 ante
1127 3967 1240 4013 annos

248 4052 386 4131 decem,
409 4039 502 4116 ἀλλὰ
523 4040 573 4116 τὰ
593 4038 664 4138 μὲν
681 4039 933 4138 προτετύχθαι
950 4041 1107 4138 ἐάσομεν
1123 4037 1239 4138 ἀχνύ-

247 4173 352 4245 μενοι
373 4143 440 4242 πέρ
456 4143 505 4242 ²),
540 4171 581 4218 ac
603 4171 787 4239 precemur
806 4148 924 4237 potius
948 4149 1059 4216 lilium
1082 4145 1167 4232 Dei,
1200 4160 1240 4216 ut

248 4264 347 4320 sanet
364 4250 511 4322 vulnera
527 4263 666 4334 nostra,
697 4261 730 4317 et
743 4249 861 4318 flectat
873 4273 969 4318 nrrnc
988 4250 1124 4318 animos
1139 4249 1239 4339 prin-

248 4353 385 4442 cipum,
415 4361 475 4432 ut,
506 4351 636 4420 moniti
664 4351 846 4444 prioribus
868 4349 1078 4440 naufragiis,
1121 4362 1239 4418 ament

207 4533 211 4540 ,
248 4451 474 4522 concordiam
500 4463 534 4519 at
556 4453 743 4522 consulant
768 4477 852 4524 suae
874 4467 908 4524 et
928 4453 1108 4523 cummuni
1124 4451 1239 4522 saluti.

248 4552 356 4622 Mitto
371 4553 439 4621 tibi
453 4553 606 4644 pagellas
619 4555 794 4624 funebres.
828 4553 968 4642 Quaeso
984 4568 1024 4625 ut
1036 4549 1238 4626 Nicolaum

247 4677 348 4744 regas
373 4655 521 4724 consiliu
546 4667 580 4723 ct
601 4657 842 4745 complectaris
858 4653 898 4748 ³).
964 4655 1137 4728 Hortatus
1160 4680 1238 4726 sum

248 4779 350 4836 eum,
383 4769 421 4824 ut
445 4755 514 4826 tibi
535 4757 756 4846 obtemperet
779 4772 812 4827 et
834 4757 924 4828 tueri
951 4759 1177 4830 concordiam
1200 4758 1238 4824 in

259 4929 465 4943 ...ι-ι,-

247 5095 252 5104 ,
282 5019 310 5084 *)
330 5013 444 5069 Alberto
464 5011 646 5068 Marebione?

286 5105 310 5166 ll
329 5099 393 5152 Duo
408 5095 545 5174 principes
558 5107 620 5150 sunt
634 5095 747 5150 loannes
761 5097 926 5162 Fn'clericus,
943 5111 1069 5154 mortuus
1083 5102 1109 5159 d.
1120 5102 1146 5158 S.
1156 5101 1239 5156 Mart.

317 5166 394 5291 ἓξὲξ.
407 5177 433 5224 et
447 5163 593 5223 Mauritius
602 5205 610 5232 ,
631 5167 749 5226 Elector,
768 5169 813 5238 φή
829 5167 925 5224 cecidit
941 5169 967 5220 in
984 5187 1074 5241 pugna
1087 5171 1113 5223 d.
1128 5175 1169 5226 ll.
1180 5171 1239 5226 lulii

283 5323 311 5386 Ξ)
332 5321 445 5374 Homer.
461 5321 537 5374 lliad.
552 5317 584 5374 τ’.
603 5340 669 5374 vers.
682 5321 724 5374 65.

283 5405 312 5470 S)
333 5401 476 5456 Nicolaum
491 5403 585 5466 Polte;
603 5403 658 5458 vid.
673 5421 717 5475 ep.
732 5403 758 5458 d.
772 5404 799 5458 d.
816 5407 856 5457 tu.
874 5405 929 5458 lau.

1292 983 1359 1058 No.
1374 981 1487 1060 6564.

1299 1081 1470 1112 m

1620 1201 1676 1287 P.
1707 1205 1959 1298 Visuentio.

1362 1381 1384 1447 ἡ
1402 1379 1439 1434 Er
1452 1397 1546 1453 apogr.
1559 1381 1587 1436 iu
1601 1383 1663 1438 cod.
1677 1385 1760 1440 Paris.
1778 1386 1815 1442 D.
1830 1387 1859 1444 b.
1877 1392 1911 1446 54
1920 1397 1937 1442 ³.

1293 1545 1430 1626 Petro
1458 1552 1728 1648 Vincentio,
1754 1562 1997 1656 (gubernanti
2009 1564 2188 1646 Selenium
2203 1570 2287 1648 Lu·

1682 1660 1889 1762 barensem.)

1294 1791 1341 1879 S.
1368 1805 1417 1875 D.
1467 1801 1672 1880 Clarissime
1694 1812 1751 1882 vir
1772 1827 1807 1884 et
1826 1817 1944 1890 cariss.
1966 1821 2088 1897 irater.
2147 1821 2288 1916 Exiguo

1293 1907 1481 1977 intervallo
1507 1903 1593 1980 haee
1614 1926 1733 1984 nostra
1751 1917 1848 2006 regio
1863 1919 1952 1990 duos
1966 1925 2144 2017 principes
2159 1930 2292 2012 amisit,

1294 2009 1356 2103 qui
1372 2005 1574 2084 habuerunt
1593 2028 1628 2086 et
1649 2015 1742 2088 vitae
1762 2033 1797 2092 et
1818 2021 2088 2110 gubernationis
2109 2029 2231 2100 breuia
2257 2047 2293 2100 et

1293 2112 1453 2204 inquieta
1468 2115 1600 2204 spacia:
1623 2119 1686 2210 qui
1701 2119 1733 2188 si
1745 2125 1939 2194 concordes
1952 2127 2110 2214 fuissent,
2135 2133 2292 2204 coniun-

1294 2215 1365 2285 ctio
1391 2238 1514 2284 corum
1532 2217 1685 2308 patriae,
1719 2222 1826 2313 ipsis,
1852 2221 2030 2300 Ecclesiae
2049 2245 2085 2302 et
2101 2233 2290 2304 universae

1295 2313 1509 2388 Germaniae
1535 2320 1698 2392 salutaris
1720 2323 1852 2398 luisset.
1904 2323 1958 2400 Ac
1970 2353 2073 2424 saepe
2087 2336 2190 2406 dolui
2208 2353 2291 2408 ante

1294 2419 1527 2504 decennium,
1570 2447 1651 2494 cum
1674 2425 1872 2500 discordiae
1892 2433 2027 2504 semina
2049 2438 2167 2527 spargi
2188 2441 2291 2510 vide-

1293 2545 1388 2603 rem,
1421 2545 1463 2590 cr
1491 2523 1622 2614 quibus
1649 2531 1826 2618 tragoedia
1849 2547 1926 2604 orta
1952 2550 2024 2619 est,
2056 2539 2157 2610 cuius
2179 2541 2291 2610 linem

1294 2624 1454 2692 nondum
1478 2625 1651 2702 videmus.
1717 2629 1789 2700 Sed
1812 2629 1899 2704 haec
1921 2649 2097 2727 postrema
2119 2657 2154 2710 et
2175 2643 2296 2712 delira

1293 2737 1387 2794 aetas
1410 2727 1536 2794 anundi
1562 2729 1686 2800 talium
1708 2734 1957 2808 confusionum
1980 2740 2084 2830 plena
2101 2757 2162 2815 est.
2215 2743 2295 2814 Nos

1291 2825 1480 2918 'precamur
1494 2825 1529 2920 ¹)
1553 2829 1665 2900 lilium
1682 2829 1769 2918 Dei,
1802 2853 1841 2908 ut
1863 2839 1957 2910 inter
1973 2835 2037 2912 has
2053 2845 2292 2936 imperiorum

1294 2929 1417 3000 ruinas
1442 2945 1555 3001 servet
1577 2947 1611 3004 et
1626 2935 1800 3022 gubernet
1811 2936 2007 3014 Ecclesiam
2025 2968 2140 3031 suam,
2166 2959 2201 3018 et
2219 2973 2294 3018 no·

1293 3045 1400 3100 stram
1418 3033 1705 3106 coniunctionem
1719 3033 1796 3108 Deo
1811 3041 1956 3114 iuvante
1972 3059 2145 3122 tueamur.

1394 3181 1503 3254 Mitto
1539 3187 1606 3256 tibi
1632 3193 1831 3262 orationem
1857 3197 1900 3266 de
1927 3194 2091 3270 Ascanio
2117 3203 2295 3296 principe.

1294 3284 1355 3376 qui
1372 3297 1405 3352 et
1421 3287 1465 3353 de
1479 3299 1541 3356 tuo
1557 3289 1700 3377 ingenio
1717 3299 1894 3386 praeclare
1911 3301 2099 3388 sentiebat,
2125 3329 2233 3398 qnam
2257 3323 2292 3375 et

1297 3379 1503 3458 Valentino
1525 3394 1706 3480 ostendes3
1739 3421 1822 3467 nam
1845 3403 2003 3494 exempla
2019 3405 2120 3496 plura
2137 3401 2291 3478 hicnon

1293 3501 1394 3557 erant
1416 3491 1566 3564 venalia.
1619 3493 1751 3568 Melius
1774 3501 1889 3592 pinxit
1914 3503 1988 3596 ipse
2007 3501 2193 3576 Asconius
2216 3533 2295 3578 sese

1292 3589 1330 3657 in
1349 3591 1421 3658 suis
1437 3592 1594 3686 scriptis,
1619 3623 1726 3692 quam
1742 3599 1780 3669 in
1794 3597 1861 3672 hac
1874 3606 1974 3676 tenui
1990 3609 2294 3680 orationenostra

1293 3693 1519 3780 describitur3
1547 3697 1606 3766 sed
1622 3715 1738 3772 tamen
1753 3697 1819 3774 bae
1833 3711 2187 3780 commemorationes
2202 3737 2294 3802 pro-

1292 3808 1375 3863 sunt
1397 3795 1619 3884 iunioribus,
1645 3803 1688 3871 ad
1713 3829 1800 3896 quas
1821 3803 1957 3878 utinam
1975 3812 2056 3904 plus
2076 3813 2206 3882 virium
2226 3819 2293 3883 ad-

1292 3895 1384 3964 lerre
1407 3919 1555 3987 possem.
1622 3902 1710 3972 Sed:
1751 3903 1881 3977 invida
1908 3933 1962 3980 me
1984 3911 2123 4008 spaciis
2147 3925 2293 3984 natura

1293 3995 1446 4112 coercuit
1470 3997 1603 4082 arctis,
1639 4001 1848 4105 ingeniique
1875 4009 1967 4082 uires
1985 4013 2213 4112 exiguosque
2228 4013 2295 4087 de-

1293 4092 1358 4171 du.
1422 4097 1624 4173 Consumor
1650 4108 1756 4174 etiam
1784 4117 2026 4206 moeroribus,
2062 4132 2094 4186 et
2118 4125 2294 4210 temporis

1292 4195 1385 4269 nihil
1408 4205 1614 4274 conceditur
1634 4210 1676 4276 ad
1700 4211 1859 4300 longiora
1878 4217 2019 4307 scripta.
2072 4217 2142 4290 Sed
2159 4223 2292 4292 omitto

1293 4295 1356 4369 bas
1371 4305 1541 4394 querelas.

1396 4453 1634 4543 Adolescenti,
1661 4463 1792 4556 dequo
1810 4467 1946 4544 scribis,
1974 4493 2047 4538 non
2065 4475 2171 4542 estin
2188 4483 2290 4546 acdi-

1292 4559 1358 4626 bus
1373 4550 1493 4626 Pauli
1506 4559 1620 4646 locus3
1645 4566 1705 4631 sed
1723 4588 1803 4633 cum
1819 4571 1972 4654 venerit,
1998 4573 2223 4662 curabimus,
2249 4602 2287 4650 nt

1291 4655 1484 4751 hospitium
1503 4656 1631 4735 habeat
1647 4659 1834 4753 mediocre,
1861 4684 1897 4741 et
1913 4673 2028 4742 studia
2046 4676 2292 4765 respiciemus.

1297 4757 1496 4830 Valentini
1503 4760 1537 4854 ²)
1562 4766 1656 4832 filius
1674 4783 1819 4840 nuncet
1834 4773 2073 4845 assiduitatem
2092 4778 2131 4846 in
2149 4781 2293 4850 discen-

1292 4865 1338 4932 do
1362 4877 1533 4956 praestat,
1563 4881 1598 4938 et
1621 4869 1818 4950 modestus,
1854 4875 2001 4964 frugalis
2024 4899 2063 4948 ac
2085 4895 2293 4972 temperans

1292 4977 1356 5033 est.
1392 4959 1665 5038 Ostenditmihi
1682 4965 1879 5043 hisdiebus
1895 5001 2057 5060 carmen,
2085 4987 2183 5076 quod
2201 4987 2288 5056 inssi

1293 5089 1374 5135 enm
1399 5067 1513 5136 eslere.
1566 5067 1665 5140 Vena
1690 5085 1740 5144 est
1764 5078 1926 5164 grandis,
1956 5081 2017 5150 scd
2035 5097 2129 5153 aetas
2149 5087 2289 5180 aliquid

1329 5330 1354 5394 l)
1368 5344 1528 5394 precemur.

1326 5413 1355 5476 Ξ)
1377 5411 1435 5466 Vel.
1450 5411 1552 5480 Korte,
1569 5409 1686 5466 Pastoris
1701 5415 1912 5474 Lubesensiurn.
