4714 5832
92 203 143 286 19

87 369 124 452 C
129 399 300 478 aspero
326 367 548 476 Apeilse3
575 365 731 451 Restare*
741 367 931 450 Ecclesiae
947 371 1024 448 Dei
1038 375 1077 448 in

407 477 541 578 pppido
561 476 767 581 Salrefdia.
837 541 843 575 :

85 600 135 689 S.
163 613 207 688 D.
257 611 465 686 Reverende
492 615 546 684 vir
569 629 604 684 et
624 615 741 685 cariss.
767 615 885 686 frater.
941 607 1079 702 Reipu-

86 719 201 786 blicae
228 741 331 786 causa
362 715 605 789 ornnesdocti
630 717 751 806 lugent
782 727 931 812 mortem
953 709 1078 782 Eras-

89 817 144 886 mi
156 811 212 910 *),
242 819 309 886 viri
324 818 517 888 doctissimi
536 831 569 890 et
588 817 825 906 integerrimi,
852 829 886 886 et
904 839 985 885 vera
1001 816 1075 906 pie-

87 933 158 990 tate
186 919 297 986 filium
325 919 394 988 Dei
418 919 577 990 colentis.
636 917 792 990 Multum
824 919 919 987 enim
944 917 1078 1008 profuit

86 1021 233 1102 studiis,
267 1033 300 1088 et
329 1021 400 1088 iam
424 1021 525 1089 labor
554 1021 629 1092 eius
659 1022 738 1110 plus
764 1019 968 1108 profuturus
991 1031 1076 1090 erat.

85 1117 163 1210 Ego
183 1145 264 1188 vero
281 1121 385 1190 etiam
403 1138 546 1212 propter
565 1123 734 1213 privatam
752 1119 1024 1192 familiaritatem
1042 1133 1076 1190 et

86 1223 265 1314 colloquia
289 1223 391 1310 plena
415 1224 626 1292 eruditionis
651 1237 684 1292 et
709 1222 847 1313 pietatis
868 1221 971 1290 valde
994 1245 1075 1292 eum

86 1326 260 1406 desidero,
285 1339 317 1394 et
334 1345 461 1412 magno
477 1325 651 1394 indolere
666 1349 757 1408 sum,
772 1327 866 1415 quod
884 1324 946 1393 tali
961 1322 1074 1392 amico

86 1441 118 1494 et
138 1427 269 1514 collega
289 1426 433 1495 orbatus
449 1450 539 1498 sum.
600 1427 670 1496 Sed
688 1425 762 1496 Deo
781 1426 1072 1512 obtemperemus.

87 1525 146 1596 Tu
168 1549 309 1620 qnoque
333 1528 443 1618 patris
466 1528 677 1598 moestitiam
702 1529 824 1600 lenito.
877 1525 984 1596 Mitto
1008 1525 1074 1594 tibi

86 1643 119 1696 et
136 1651 275 1696 carmen
293 1629 336 1696 de
354 1629 428 1697 eius
444 1627 636 1698 virtutibus
658 1642 691 1698 et
708 1642 844 1698 nostras
862 1626 1074 1718 propositio·

85 1754 168 1812 nes,
196 1744 301 1820 quam
317 1729 504 1802 lectionem
517 1753 619 1822 spero
638 1731 701 1800 tibi
725 1742 858 1820 gratam
876 1729 961 1800 fore.
1003 1727 1034 1796 T
1037 1751 1074 1796 a·

85 1831 174 1898 lium
206 1844 407 1900 nostrorum
438 1831 648 1922 scriptorum
675 1828 881 1900 Erasmum
911 1829 1073 1898 volebam

87 1955 161 2000 esse
184 1931 347 2004 iudicem.
398 1931 708 2026 ’1111111111111ἱ
736 1948 773 2002 ut
791 1934 882 2020 legas
904 1930 1074 2000 1111111111.

86 2031 162 2102 Nos
187 2034 224 2100 in
256 2033 377 2102 multis
402 2033 537 2123 magnis
561 2035 738 2104 aerumnis
761 2047 942 2124 utcunque
964 2030 1075 2100 servi-

85 2159 165 2202 mus
180 2135 360 2202 doctrinae
376 2161 476 2204 verae
490 2137 627 2220 strabis,
653 2151 687 2206 et
703 2151 875 2226 optamus,
902 2147 940 2204 ut
956 2134 995 2200 in
1010 2127 1075 2202 lra-

85 2261 165 2304 rmn
184 2236 369 2324 regionum
386 2233 552 2306 Ecclesiis
575 2239 620 2306 sit
643 2255 804 2308 aeternus
828 2259 1019 2306 consensus
1041 2250 1075 2306 et

86 2353 226 2406 aeterna
251 2339 450 2410 concordia.
501 2337 626 2425 eralis
644 2353 761 2408 autem
784 2338 829 2408 sit
848 2339 1073 2430 quorundam

85 2429 290 2528 κακοήθεια
307 2454 428 2509 contra
442 2463 507 2508 nos
525 2441 735 2532 experimur.
772 2437 849 2510 Oro
867 2439 979 2506 filium
996 2437 1074 2520 Dei,

86 2553 125 2606 ut
142 2555 241 2608 sanet
266 2557 385 2610 nostra
401 2541 557 2611 vulnera.
611 2540 708 2609 Bene
724 2541 819 2624 vale,
843 2553 874 2608 et
894 2540 1071 2608 interdum

86 2643 128 2710 ad
146 2664 212 2709 nos
228 2641 353 2714 scribe.
404 2639 470 2710 Dic
485 2641 520 2714 9.
539 2641 627 2710 Maii
646 2641 753 2714 1555.

773 2737 971 2832 Philippus.

680 2951 1067 2969 m

82 3075 148 3146 lfa.
172 3075 286 3146 5388.

91 3171 264 3198 m

918 3091 949 3150 9.
973 3079 1057 3144 111111.

895 3171 1066 3198 Μ

299 3263 428 3348 Hier.
459 3259 852 3372 Banmgartnero.

151 3417 357 3538 Ερὶι1ὶὲ15191.
374 3435 400 3486 p.
416 3417 473 3470 198.
509 3415 559 3472 llic
574 3435 604 3468 es
618 3417 785 3488 autographo
804 3416 832 3469 in
852 3417 1073 3474 1111111111.

186 3507 288 3558 p.

89 3641 380 3737 Hieronymo
406 3637 766 3735 Bomgnrtnero,
802 3638 980 3712 Senatori
1000 3641 1059 3711 in-

329 3739 448 3836 clytae
467 3743 568 3811 urbis
585 3737 828 3850 Norib‘ergan

77 3877 128 3962 S.
155 3886 201 3958 D.
253 3886 393 3958 Scimus
415 3914 496 3958 vere
512 3891 631 3980 colligi
655 3889 784 3962 aFilio
800 3887 866 3962 Dei
893 3904 1070 3960 aeternam

76 3987 274 4060 Ecclesiam
294 3990 331 4058 in
354 4015 480 4080 genere
500 3986 677 4074 betruano,
703 4017 850 4086 eamque
867 3994 962 4062 inter
986 3989 1063 4062 bor·

75 4094 201 4162 sibiles
226 4089 460 4162 Diabolorum
484 4093 621 4163 furores
646 4095 799 4184 protegi,
835 4095 925 4164 sicut
951 4117 1068 4162 serva·

76 4193 210 4262 bantur
231 4209 301 4262 tres
326 4194 392 4264 riri
414 4195 451 4262 in
473 4192 630 4264 Fornace
644 4193 861 4287 Babylonica
882 4195 920 4262 111
944 4195 1068 4266 mediis

75 4295 241 4368 flammis.
292 4290 340 4364 Et
356 4309 470 4366 custos
485 4296 560 4386 ipse
578 4295 691 4366 Filius
705 4295 770 4364 Dei
793 4297 924 4390 inquit:
950 4289 1069 4368 Nemo

73 4404 191 4489 potest
212 4418 438 4492 repertores
462 4421 561 4466 meas
577 4420 624 4466 ea:
646 4395 820 4470 manibus
842 4395 943 4469 meis.
994 4393 1068 4466 llas

75 4497 336 4566 consolationes
364 4513 396 4566 et
424 4499 497 4588 ipse
523 4500 657 4587 cogito,
688 4515 722 4572 et
748 4524 767 4568 a
794 4501 894 4570 vobis
920 4497 1067 4586 cogitari

74 4599 167 4678 scio,
194 4611 229 4666 et
245 4623 325 4666 rum
344 4601 468 4668 vestris
486 4601 614 4670 sanctis
636 4603 807 4672 matronis
829 4615 863 4670 et
878 4599 1017 4670 filiabus
1033 4613 1067 4668 et

73 4698 195 4788 parvis
228 4698 311 4766 liliis
344 4701 472 4768 invoco
499 4701 613 4775 filium
638 4704 710 4776 Dei
736 4715 776 4772 ut
802 4725 864 4770 vos
897 4711 1065 4791 protegat.

74 4795 148 4867 Nec
171 4800 274 4894 irrita¹
295 4813 398 4870 erunt
422 4815 502 4872 vota
525 4818 650 4890 vestra.
700 4801 784 4874 Post
803 4803 873 4872 mei
899 4801 1065 4884 ministri,

78 4899 146 4968 viri
178 4901 416 4992 integerrimi,
450 4918 616 4987 mortem,
646 4917 825 4993 aegrotare
848 4903 963 4993 coepit
988 4927 1063 4972 mea

70 5001 248 5084 coniunx,
274 5026 364 5094 quae
386 5003 457 5072 iam
480 5006 641 5095 quotidie
664 5031 742 5078 cum
765 5019 876 5076 morte
900 5006 1063 5078 luctatur.

68 5097 198 5172 Studia
224 5104 467 5174 doctrinarum
490 5101 549 5188 bie
571 5103 686 5181 adbuc
708 5104 774 5178 nei
797 5105 966 5178 beneficio
989 5130 1063 5174 me-

73 5269 297 5288 fi--fl--u--ss-

102 5355 135 5424 *1
154 5353 433 5430 11υωί1111111,
451 5355 642 5414 Sslreldmslss

674 199 1104 282 netsronanun
1137 199 1261 282 'le
1282 201 1377 282 xlt'
1424 201 1557 288 1665·

2072 207 2127 283 90

1131 377 1265 448 diocria
1289 393 1389 451 suntt
1415 381 1606 452 metuimus
1624 393 1740 454 antem
1762 375 1832 454 nos
1851 405 1993 478 qnoque
2015 383 2119 458 bella.

1055 531 1060 542 .
1131 479 1200 555 Sed
1223 479 1297 550 filio
1321 478 1390 551 Dei
1412 495 1549 567 npstras
1572 507 1702 576 parvas¹
1721 484 1873 555 familias
1893 486 2119 556 commenda·

1131 591 1220 653 mus.
1273 579 1370 652 Bene
1385 571 1431 654 ’11
1452 585 1601 656 feliciter
1622 587 1717 674 vale,
1744 601 1879 659 etcum
1904 587 2035 682 poteris
2060 608 2119 655 re·

1130 681 1286 758 scribito.
1337 681 1404 756 Die
1421 683 1456 760 9.
1472 685 1561 758 Maii
1576 679 1625 782 ').

1815 783 2013 882 Philippus.

1128 1152 1192 1225 No.
1207 1151 1323 1230 6389.

1128 1249 1297 1276 Μ

1949 1169 2006 1228 10.
2030 1158 2117 1228 Maii.

1468 1342 1527 1426 11.
1553 1341 1763 1428 Besoldo.

1230 1499 1316 1574 Epist.
1334 1499 1380 1557 lib.
1394 1501 1430 1554 V.
1448 1519 1474 1573 p.
1485 1500 1537 1556 288
1549 1519 1590 1574 sq.

1172 1653 1462 1754 Hieronymo
1494 1653 1699 1729 Besoldo
1729 1657 1892 1757 (docenti
1915 1656 2064 1755 Erang.

1474 1755 1766 1858 Norinbergoe).

1126 1893 1173 1980 S.
1196 1907 1241 1984 D.
1293 1907 1503 1982 Reverende
1521 1913 1587 1998 vir,
1613 1925 1647 1982 et
1661 1905 1864 1981 charissime
1880 1913 1999 1982 frater.
2032 1907 2114 1980 Me-

1125 2011 1261 2082 ministi
1281 2011 1413 2082 dictum
1434 2013 1654 2094 Salomonis,
1688 2015 1758 2106 qni,
1779 2015 1876 2084 iubet
1899 2013 2115 2096 benefacere,

1127 2113 1264 2182 etiamsi
1288 2127 1435 2184 eventus
1465 2115 1591 2185 incerti
1619 2129 1720 2200 sunt,
1752 2130 1786 2186 et
1811 2115 2006 2205 promittit,
2037 2135 2113 2182 non

1127 2215 1244 2284 irritos
1269 2217 1344 2284 fore
1370 2217 1508 2289 labores
1542 2231 1691 2286 nostros.
1748 2215 1831 2286 Fuit
1857 2217 1896 2284 in
1921 2211 2113 2286 Academia

1125 2331 1244 2384 nostra
1270 2311 1439 2386 honestus
1470 2317 1672 2386 adolescens
1701 2315 1955 2402 Lubeccensis,
1984 2318 2114 2386 viduae

1126 2417 1235 2500 filins,
1261 2441 1350 2510 quae
1374 2419 1441 2489 fuit
1458 2415 1574 2486 Mater
1594 2417 1650 2489 18.
1668 2432 1831 2488 natorum
1849 2441 1889 2486 ex
1907 2415 2113 2500 11111Ρ1111,λ

1124 2513 1375 2610 Hieronymus
1390 2511 1616 2587 Scbroderus
1631 2511 1709 2612 *‘),
1733 2519 1808 2610 spei
1826 2517 2059 2610 amplissimae
2078 2531 2112 2588 et

1128 2621 1302 2712 praeclare
1326 2621 1494 2692 eruditus.
1548 2617 1581 2688 ls
1602 2633 1683 2690 ante
1707 2641 1836 2708 paucos
1853 2620 1928 2690 dies
1949 2632 2113 2688 mortuus

1126 2733 1187 2792 est.
1239 2717 1348 2791 Venit
1365 2717 1434 2791 hnc
1454 2721 1562 2792 frater
1582 2721 1658 2790 eius
1679 2717 1901 2818 Aurisaber‚
1925 2713 2112 2792 Nicolaus

1125 2815 1372 2902 Schradems,
1398 2835 1583 2917 antequam
1609 2821 1729 2902 sciret,
1755 2823 1898 2892 fratrem
1920 2845 1992 2891 esse
2013 2843 2110 2891 mor-

1125 2937 1246 3006 tuum,
1272 2924 1494 3016 quaesiturus
1516 2925 1676 2997 artifices.
1733 2919 1839 2994 Nunc
1861 2947 1940 2993 cum
1965 2923 2110 2992 fratrem

1124 3023 1312 3110 amisisset,
1338 3026 1453 3116 coepit
1477 3027 1666 3096 consilinm
1684 3023 1934 3116 Noribergam,
1959 3025 2015 3091 vel
2031 3019 2110 3093 Au-

1124 3137 1261 3214 gustam
1282 3127 1537 3216 proficiscendi.
1590 3125 1630 3198 Si
1647 3129 1691 3196 ad
1714 3139 1747 3196 te
1763 3125 1901 3200 venerit
1922 3119 2110 3196 1111111110-

1125 3221 1210 3296 lnus
1227 3225 1472 3312 Lubeccensis,
1493 3251 1634 3322 (possem,
1653 3241 1693 3298 ut
1709 3251 1789 3297 eum
1805 3227 1997 3297 artificibus
2013 3251 2110 3296 com-

1125 3330 1280 3398 mendes.
1332 3327 1415 3398 ldeo
1431 3329 1463 3398 ci
1478 3329 1598 3399 literas
1614 3327 1708 3414 dedi,
1733 3342 1773 3398 ut
1786 3329 2026 3400 testimonium
2044 3322 2109 3396 ba-

1125 3429 1203 3498 beat
1224 3429 1320 3520 apud
1343 3425 1509 3500 honestos
1532 3425 1715 3514 homines,
1741 3443 1775 3500 et
1795 3443 1835 3500 ut
1856 3431 2003 3514 sciatur,
2029 3429 2110 3520 quis

1123 3529 1186 3614 sit,
1210 3543 1241 3599 et
1258 3533 1352 3600 unde
1369 3535 1497 3603 veniat.
1548 3531 1621 3603 Nec
1637 3548 1669 3603 11
1684 3556 1792 3600 onero
1807 3544 1944 3615 sumtu,
1970 3543 2108 3600 tantum

1123 3656 1204 3717 oro,
1236 3645 1275 3699 nt
1297 3631 1452 3702 officium
1476 3633 1791 3702 commendationis
1813 3631 1936 3704 iuveni
1956 3625 2108 3700 honesto

1123 3745 1156 3801 et
1174 3731 1359 3822 peregrino
1374 3747 1536 3824 praestes.
1583 3732 1680 3804 Bene
1695 3733 1781 3804 vale.
1827 3731 1895 3804 Die
1913 3726 2108 3824 Triumphi

1123 3831 1207 3902 Filii
1228 3829 1313 3920 Dei,
1345 3859 1417 3926 quo
1440 3837 1677 3926 spectantibus
1699 3831 1879 3927 Apostolis
1907 3835 1945 3904 in
1969 3833 2106 3904 coelum

1122 3935 1290 4010 ascendit.
1340 3933 1436 4006 Tuas
1451 3935 1572 4006 literas
1588 3949 1623 4008 et
1636 3937 1756 4028 flagito
1773 3951 1806 4006 11
1824 3951 1965 4028 expecto
1982 3938 2024 4004 de
2045 3959 2106 4002 ve-

1120 4049 1191 4106 stra
1210 4033 1306 4108 Urbe
1322 4040 1413 4106 etde
1428 4037 1539 4108 vobis.
1576 4033 1733 4108 Oramus
1748 4055 1864 4109 autern
1880 4033 2011 4106 Filium
2028 4031 2108 4119 Dei,

1122 4151 1159 4206 ut
1176 4161 1237 4206 vos
1253 4151 1287 4208 et
1304 4163 1369 4208 nos
1387 4151 1555 4232 protegat.
2009 4159 2013 4168 ’

1831 4231 2032 4329 Philippus.

1820 4449 2110 4463 ...ῆι-*Η

1130 4577 1198 4647 No.
1222 4577 1335 4647 6890.

1126 4674 1338 4713 m

1431 4761 1498 4852 fo.
1524 4745 1786 4855 Manassis.

1197 4923 1281 4998 Epist.
1293 4923 1342 4986 lib.
1357 4925 1393 4980 ll.
1408 4945 1434 4997 p.
1447 4924 1491 4980 99.
1507 4926 1562 4994 (ed.
1576 4927 1668 4985 Lond.
1680 4925 1730 4986 lib.
1744 4927 1778 4986 ll.
1794 4944 1838 4997 ep.
1852 4927 1919 4998 85.).

1935 4595 1991 4654 11.
2006 4583 2093 4652 Meli.

1927 4675 2099 4708 Μ

1219 5091 1317 5100 --.ι-

1145 5205 1176 5274 *t
1195 5205 1259 5272 Alia
1273 5225 1371 5272 manso
1383 5207 1540 5280 adscripsite
1564 5207 1641 5268 1558.

1146 5291 1402 5431 Ἇὲιὲἵῗῦεωυ
1424 5295 1450 5348 d.
1475 5292 1577 5351 51111
1597 5295 1672 5354 1551.
1710 5295 1769 5351 vid.
1791 5296 1900 5370 Scripta
1922 5297 1997 5368 publ.
2023 5297 2057 5353 T.
2078 5299 2102 5356 l.
