<?xml version="1.0" encoding="UTF-8"?>
<!DOCTYPE html PUBLIC "-//W3C//DTD XHTML 1.0 Transitional//EN"
    "http://www.w3.org/TR/xhtml1/DTD/xhtml1-transitional.dtd">
<html xmlns="http://www.w3.org/1999/xhtml" xml:lang="en" lang="en">
 <head>
  <title>
</title>
<meta http-equiv="Content-Type" content="text/html;charset=utf-8" />
  <meta name='ocr-system' content='tesseract 3.04.00' />
  <meta name='ocr-capabilities' content='ocr_page ocr_carea ocr_par ocr_line ocrx_word'/>
</head>
<body>
  <div class='ocr_page' id='page_1' title='image "./corpusreformato22melagoog/corpusreformato22melagoog_0280.png"; bbox 0 0 4682 5822; ppageno 0'>
   <div class='ocr_carea' id='block_1_1' title="bbox 66 199 269 447">
    <p class='ocr_par' dir='ltr' id='par_1_1' title="bbox 66 199 269 447">
     <span class='ocr_line' id='line_1_1' title="bbox 66 199 132 278; baseline 0 0"><span class='ocrx_word' id='word_1_1' title='bbox 66 199 132 278; x_wconf 86' lang='grc'>505</span> 
     </span>
     <span class='ocr_line' id='line_1_2' title="bbox 80 369 269 447; baseline 0.011 -3"><span class='ocrx_word' id='word_1_2' title='bbox 80 374 141 447; x_wconf 89' lang='lat' dir='ltr'>No.</span> <span class='ocrx_word' id='word_1_3' title='bbox 157 369 269 446; x_wconf 85' lang='grc'><strong>5809.</strong></span> 
     </span>
    </p>
   </div>
   <div class='ocr_carea' id='block_1_2' title="bbox 71 472 272 508">
    <p class='ocr_par' dir='ltr' id='par_1_2' title="bbox 71 472 272 508">
     <span class='ocr_line' id='line_1_3' title="bbox 71 472 272 508; baseline 0.01 -2"><span class='ocrx_word' id='word_1_4' title='bbox 71 472 272 508; x_wconf 57' lang='grc' dir='ltr'><strong>Μ</strong></span> 
     </span>
    </p>
   </div>
   <div class='ocr_carea' id='block_1_3' title="bbox 392 559 711 674">
    <p class='ocr_par' dir='ltr' id='par_1_3' title="bbox 392 559 711 674">
     <span class='ocr_line' id='line_1_4' title="bbox 392 559 711 674; baseline 0 -26"><span class='ocrx_word' id='word_1_5' title='bbox 392 561 443 648; x_wconf 81' lang='lat' dir='ltr'>V.</span> <span class='ocrx_word' id='word_1_6' title='bbox 472 559 711 674; x_wconf 86' lang='lat' dir='ltr'>Strigetin.</span> 
     </span>
    </p>
   </div>
   <div class='ocr_carea' id='block_1_4' title="bbox 123 732 890 810">
    <p class='ocr_par' dir='ltr' id='par_1_4' title="bbox 123 732 890 810">
     <span class='ocr_line' id='line_1_5' title="bbox 123 732 890 810; baseline 0.003 -20"><span class='ocrx_word' id='word_1_7' title='bbox 123 735 206 810; x_wconf 68' lang='lat' dir='ltr'>epac.</span> <span class='ocrx_word' id='word_1_8' title='bbox 218 735 265 794; x_wconf 82' lang='lat' dir='ltr'>us.</span> <span class='ocrx_word' id='word_1_9' title='bbox 280 735 328 792; x_wconf 86' lang='grc' dir='ltr'>ιιι.</span> <span class='ocrx_word' id='word_1_10' title='bbox 346 735 440 808; x_wconf 66' lang='lat' dir='ltr'>peso.</span> <span class='ocrx_word' id='word_1_11' title='bbox 455 733 510 804; x_wconf 66' lang='grc' dir='ltr'>(ει.</span> <span class='ocrx_word' id='word_1_12' title='bbox 524 732 612 794; x_wconf 71' lang='lat' dir='ltr'>sona.</span> <span class='ocrx_word' id='word_1_13' title='bbox 628 733 675 792; x_wconf 83' lang='lat' dir='ltr'>us.</span> <span class='ocrx_word' id='word_1_14' title='bbox 685 734 732 792; x_wconf 84' lang='lat'>111.</span> <span class='ocrx_word' id='word_1_15' title='bbox 750 753 794 808; x_wconf 71' lang='lat' dir='ltr'>ep.</span> <span class='ocrx_word' id='word_1_16' title='bbox 810 735 860 794; x_wconf 82' lang='lat' dir='ltr'>sas</span> <span class='ocrx_word' id='word_1_17' title='bbox 869 738 890 808; x_wconf 77' lang='grc' dir='ltr'>ι.</span> 
     </span>
    </p>
   </div>
   <div class='ocr_carea' id='block_1_5' title="bbox 153 889 930 992">
    <p class='ocr_par' dir='ltr' id='par_1_5' title="bbox 153 889 930 992">
     <span class='ocr_line' id='line_1_6' title="bbox 153 889 930 992; baseline 0 -26"><span class='ocrx_word' id='word_1_18' title='bbox 153 890 207 972; x_wconf 90' lang='lat' dir='ltr'>D.</span> <span class='ocrx_word' id='word_1_19' title='bbox 236 891 485 968; x_wconf 74' lang='lat' dir='ltr'><em>Victorino</em></span> <span class='ocrx_word' id='word_1_20' title='bbox 511 889 756 992; x_wconf 81' lang='lat' dir='ltr'>Strigelio</span> <span class='ocrx_word' id='word_1_21' title='bbox 781 891 930 990; x_wconf 78' lang='lat' dir='ltr'>(lenos)</span> 
     </span>
    </p>
   </div>
   <div class='ocr_carea' id='block_1_6' title="bbox 61 1029 1042 1342">
    <p class='ocr_par' dir='ltr' id='par_1_6' title="bbox 61 1029 1042 1342">
     <span class='ocr_line' id='line_1_7' title="bbox 62 1029 1042 1126; baseline -0.006 -8"><span class='ocrx_word' id='word_1_22' title='bbox 62 1029 106 1118; x_wconf 80' lang='lat' dir='ltr'>S·</span> <span class='ocrx_word' id='word_1_23' title='bbox 129 1043 173 1117; x_wconf 89' lang='lat' dir='ltr'>D.</span> <span class='ocrx_word' id='word_1_24' title='bbox 211 1043 422 1116; x_wconf 89' lang='lat' dir='ltr'>Doctissime</span> <span class='ocrx_word' id='word_1_25' title='bbox 434 1039 634 1126; x_wconf 73' lang='lat' dir='ltr'>Victorino,</span> <span class='ocrx_word' id='word_1_26' title='bbox 660 1041 751 1116; x_wconf 90' lang='lat' dir='ltr'>Cum</span> <span class='ocrx_word' id='word_1_27' title='bbox 767 1038 827 1113; x_wconf 87' lang='lat' dir='ltr'>hic</span> <span class='ocrx_word' id='word_1_28' title='bbox 841 1043 1042 1114; x_wconf 86' lang='lat' dir='ltr'>adolescens</span> 
     </span>
     <span class='ocr_line' id='line_1_8' title="bbox 61 1134 1041 1247; baseline 0 -33"><span class='ocrx_word' id='word_1_29' title='bbox 61 1139 335 1216; x_wconf 82' lang='lat' dir='ltr'>Arnstadiensis</span> <span class='ocrx_word' id='word_1_30' title='bbox 356 1143 541 1216; x_wconf 84' lang='lat' dir='ltr'>chricus</span> <span class='ocrx_word' id='word_1_31' title='bbox 556 1134 795 1247; x_wconf 78' lang='lat' dir='ltr'>Cranctsseld</span> <span class='ocrx_word' id='word_1_32' title='bbox 806 1138 864 1242; x_wconf 70' lang='lat'>⁴),</span> <span class='ocrx_word' id='word_1_33' title='bbox 891 1145 928 1214; x_wconf 90' lang='lat' dir='ltr'>in</span> <span class='ocrx_word' id='word_1_34' title='bbox 948 1141 1041 1215; x_wconf 87' lang='lat' dir='ltr'>Aca-</span> 
     </span>
     <span class='ocr_line' id='line_1_9' title="bbox 61 1247 1040 1342; baseline -0.002 -24"><span class='ocrx_word' id='word_1_35' title='bbox 61 1249 205 1319; x_wconf 89' lang='lat' dir='ltr'>demiam</span> <span class='ocrx_word' id='word_1_36' title='bbox 232 1263 384 1320; x_wconf 89' lang='lat' dir='ltr'>vestram</span> <span class='ocrx_word' id='word_1_37' title='bbox 408 1249 631 1342; x_wconf 85' lang='lat' dir='ltr'>profecturus</span> <span class='ocrx_word' id='word_1_38' title='bbox 653 1263 760 1334; x_wconf 85' lang='lat' dir='ltr'>esset,</span> <span class='ocrx_word' id='word_1_39' title='bbox 792 1247 917 1340; x_wconf 88' lang='lat' dir='ltr'>petivit</span> <span class='ocrx_word' id='word_1_40' title='bbox 940 1273 959 1316; x_wconf 91' lang='lat' dir='ltr'>a</span> <span class='ocrx_word' id='word_1_41' title='bbox 982 1271 1040 1316; x_wconf 89' lang='lat' dir='ltr'>me</span> 
     </span>
    </p>
   </div>
   <div class='ocr_carea' id='block_1_7' title="bbox 56 1347 1039 3168">
    <p class='ocr_par' dir='ltr' id='par_1_7' title="bbox 56 1347 1039 3168">
     <span class='ocr_line' id='line_1_10' title="bbox 60 1347 1038 1434; baseline -0.006 -11"><span class='ocrx_word' id='word_1_42' title='bbox 60 1349 293 1424; x_wconf 88' lang='lat' dir='ltr'>testimouium</span> <span class='ocrx_word' id='word_1_43' title='bbox 316 1352 361 1420; x_wconf 91' lang='lat' dir='ltr'>de</span> <span class='ocrx_word' id='word_1_44' title='bbox 383 1351 456 1422; x_wconf 90' lang='lat' dir='ltr'>suis</span> <span class='ocrx_word' id='word_1_45' title='bbox 480 1352 659 1434; x_wconf 88' lang='lat' dir='ltr'>moribus,</span> <span class='ocrx_word' id='word_1_46' title='bbox 693 1365 728 1422; x_wconf 88' lang='lat' dir='ltr'>et</span> <span class='ocrx_word' id='word_1_47' title='bbox 743 1349 811 1422; x_wconf 88' lang='lat' dir='ltr'>tibi</span> <span class='ocrx_word' id='word_1_48' title='bbox 826 1347 1038 1420; x_wconf 89' lang='lat' dir='ltr'>nominatim</span> 
     </span>
     <span class='ocr_line' id='line_1_11' title="bbox 62 1449 1039 1543; baseline -0.006 -19"><span class='ocrx_word' id='word_1_49' title='bbox 62 1453 291 1524; x_wconf 88' lang='lat' dir='ltr'>commendari</span> <span class='ocrx_word' id='word_1_50' title='bbox 304 1452 430 1523; x_wconf 87' lang='lat' dir='ltr'>voluit.</span> <span class='ocrx_word' id='word_1_51' title='bbox 454 1450 557 1522; x_wconf 89' lang='lat' dir='ltr'>Hanc</span> <span class='ocrx_word' id='word_1_52' title='bbox 573 1449 886 1543; x_wconf 86' lang='lat' dir='ltr'>igiturEpistolam</span> <span class='ocrx_word' id='word_1_53' title='bbox 901 1451 934 1522; x_wconf 90' lang='lat' dir='ltr'>ei</span> <span class='ocrx_word' id='word_1_54' title='bbox 946 1451 1039 1538; x_wconf 89' lang='lat' dir='ltr'>dedi,</span> 
     </span>
     <span class='ocr_line' id='line_1_12' title="bbox 60 1553 1039 1648; baseline -0.004 -24"><span class='ocrx_word' id='word_1_55' title='bbox 60 1568 154 1648; x_wconf 87' lang='lat' dir='ltr'>teque</span> <span class='ocrx_word' id='word_1_56' title='bbox 171 1568 292 1626; x_wconf 89' lang='lat' dir='ltr'>orout</span> <span class='ocrx_word' id='word_1_57' title='bbox 312 1579 391 1626; x_wconf 89' lang='lat' dir='ltr'>eum</span> <span class='ocrx_word' id='word_1_58' title='bbox 408 1553 660 1646; x_wconf 87' lang='lat' dir='ltr'>complectaris.</span> <span class='ocrx_word' id='word_1_59' title='bbox 710 1553 842 1626; x_wconf 88' lang='lat' dir='ltr'>Natura</span> <span class='ocrx_word' id='word_1_60' title='bbox 865 1553 960 1623; x_wconf 89' lang='lat' dir='ltr'>bona</span> <span class='ocrx_word' id='word_1_61' title='bbox 978 1563 1039 1640; x_wconf 85' lang='lat' dir='ltr'>est,</span> 
     </span>
     <span class='ocr_line' id='line_1_13' title="bbox 61 1647 1039 1740; baseline 0 -14"><span class='ocrx_word' id='word_1_62' title='bbox 61 1657 142 1727; x_wconf 89' lang='lat' dir='ltr'>etad</span> <span class='ocrx_word' id='word_1_63' title='bbox 158 1657 361 1726; x_wconf 83' lang='lat' dir='ltr'>facundiam</span> <span class='ocrx_word' id='word_1_64' title='bbox 376 1656 522 1726; x_wconf 87' lang='lat' dir='ltr'>idonea:</span> <span class='ocrx_word' id='word_1_65' title='bbox 549 1668 584 1725; x_wconf 90' lang='lat' dir='ltr'>et</span> <span class='ocrx_word' id='word_1_66' title='bbox 605 1680 721 1726; x_wconf 90' lang='lat' dir='ltr'>mores</span> <span class='ocrx_word' id='word_1_67' title='bbox 744 1672 828 1728; x_wconf 90' lang='lat' dir='ltr'>sunt</span> <span class='ocrx_word' id='word_1_68' title='bbox 848 1647 989 1740; x_wconf 82' lang='lat' dir='ltr'>honesti</span> <span class='ocrx_word' id='word_1_69' title='bbox 1005 1668 1039 1726; x_wconf 88' lang='lat' dir='ltr'>et</span> 
     </span>
     <span class='ocr_line' id='line_1_14' title="bbox 58 1752 1038 1852; baseline -0.001 -27"><span class='ocrx_word' id='word_1_70' title='bbox 58 1757 193 1848; x_wconf 91' lang='lat' dir='ltr'>placidi.</span> <span class='ocrx_word' id='word_1_71' title='bbox 243 1754 323 1828; x_wconf 88' lang='lat' dir='ltr'>Etsi</span> <span class='ocrx_word' id='word_1_72' title='bbox 336 1771 453 1828; x_wconf 88' lang='lat' dir='ltr'>autem</span> <span class='ocrx_word' id='word_1_73' title='bbox 469 1771 503 1828; x_wconf 89' lang='lat' dir='ltr'>et</span> <span class='ocrx_word' id='word_1_74' title='bbox 518 1752 672 1852; x_wconf 80' lang='lat' dir='ltr'>Stigelii</span> <span class='ocrx_word' id='word_1_75' title='bbox 683 1783 723 1829; x_wconf 88' lang='lat' dir='ltr'>ac</span> <span class='ocrx_word' id='word_1_76' title='bbox 744 1759 797 1830; x_wconf 92' lang='lat' dir='ltr'>tui</span> <span class='ocrx_word' id='word_1_77' title='bbox 820 1780 1038 1828; x_wconf 87' lang='lat' dir='ltr'>amore-ma-</span> 
     </span>
     <span class='ocr_line' id='line_1_15' title="bbox 59 1853 1037 1935; baseline -0.003 -7"><span class='ocrx_word' id='word_1_78' title='bbox 59 1857 120 1929; x_wconf 88' lang='lat' dir='ltr'>luit</span> <span class='ocrx_word' id='word_1_79' title='bbox 133 1860 170 1927; x_wconf 89' lang='lat' dir='ltr'>in</span> <span class='ocrx_word' id='word_1_80' title='bbox 184 1871 298 1930; x_wconf 82' lang='lat' dir='ltr'>vestra</span> <span class='ocrx_word' id='word_1_81' title='bbox 305 1853 496 1930; x_wconf 88' lang='lat' dir='ltr'>Academia</span> <span class='ocrx_word' id='word_1_82' title='bbox 513 1883 602 1929; x_wconf 88' lang='lat' dir='ltr'>esse:</span> <span class='ocrx_word' id='word_1_83' title='bbox 619 1873 735 1935; x_wconf 86' lang='lat' dir='ltr'>tamen</span> <span class='ocrx_word' id='word_1_84' title='bbox 751 1859 917 1930; x_wconf 87' lang='lat' dir='ltr'>valetudo</span> <span class='ocrx_word' id='word_1_85' title='bbox 933 1857 1037 1928; x_wconf 88' lang='lat' dir='ltr'>etiam</span> 
     </span>
     <span class='ocr_line' id='line_1_16' title="bbox 60 1959 1035 2056; baseline -0.004 -26"><span class='ocrx_word' id='word_1_86' title='bbox 60 1961 162 2051; x_wconf 76' lang='lat' dir='ltr'>codgit</span> <span class='ocrx_word' id='word_1_87' title='bbox 192 1984 274 2029; x_wconf 84' lang='grc' dir='ltr'>ειιιιι</span> <span class='ocrx_word' id='word_1_88' title='bbox 297 1985 465 2056; x_wconf 76' lang='lat' dir='ltr'>quaerere</span> <span class='ocrx_word' id='word_1_89' title='bbox 495 1961 573 2032; x_wconf 88' lang='lat' dir='ltr'>loca</span> <span class='ocrx_word' id='word_1_90' title='bbox 599 1963 808 2040; x_wconf 82' lang='lat' dir='ltr'>salubriora.</span> <span class='ocrx_word' id='word_1_91' title='bbox 867 1959 1035 2031; x_wconf 90' lang='lat' dir='ltr'>Nostrum</span> 
     </span>
     <span class='ocr_line' id='line_1_17' title="bbox 61 2055 1036 2156; baseline -0.006 -25"><span class='ocrx_word' id='word_1_92' title='bbox 61 2063 222 2154; x_wconf 90' lang='lat' dir='ltr'>oppidum</span> <span class='ocrx_word' id='word_1_93' title='bbox 236 2063 339 2151; x_wconf 88' lang='lat' dir='ltr'>plane</span> <span class='ocrx_word' id='word_1_94' title='bbox 355 2076 425 2149; x_wconf 89' lang='lat' dir='ltr'>est,</span> <span class='ocrx_word' id='word_1_95' title='bbox 451 2075 490 2132; x_wconf 91' lang='lat' dir='ltr'>ut</span> <span class='ocrx_word' id='word_1_96' title='bbox 505 2065 549 2132; x_wconf 91' lang='lat' dir='ltr'>de</span> <span class='ocrx_word' id='word_1_97' title='bbox 569 2059 684 2132; x_wconf 85' lang='lat' dir='ltr'><em>Ascra</em></span> <span class='ocrx_word' id='word_1_98' title='bbox 703 2064 820 2156; x_wconf 86' lang='lat' dir='ltr'>inquit</span> <span class='ocrx_word' id='word_1_99' title='bbox 833 2055 1036 2132; x_wconf 73' lang='lat' dir='ltr'><em>Hesiodus:</em></span> 
     </span>
     <span class='ocr_line' id='line_1_18' title="bbox 56 2151 1034 2263; baseline -0.001 -30"><span class='ocrx_word' id='word_1_100' title='bbox 56 2165 157 2255; x_wconf 81' lang='grc' dir='ltr'><em>χεῖμα</em></span> <span class='ocrx_word' id='word_1_101' title='bbox 171 2159 287 2257; x_wconf 76' lang='grc' dir='ltr'><strong><em>κακὴ,</em></strong></span> <span class='ocrx_word' id='word_1_102' title='bbox 315 2160 417 2262; x_wconf 82' lang='grc' dir='ltr'>θέρει</span> <span class='ocrx_word' id='word_1_103' title='bbox 432 2159 611 2263; x_wconf 76' lang='grc' dir='ltr'>ἀργαλέη,</span> <span class='ocrx_word' id='word_1_104' title='bbox 638 2159 702 2236; x_wconf 78' lang='grc' dir='ltr'>καὶ</span> <span class='ocrx_word' id='word_1_105' title='bbox 724 2159 889 2238; x_wconf 73' lang='grc' dir='ltr'>οὐδέποτ’</span> <span class='ocrx_word' id='word_1_106' title='bbox 907 2151 1034 2254; x_wconf 76' lang='grc' dir='ltr'><strong>ἐσθλή.</strong></span> 
     </span>
     <span class='ocr_line' id='line_1_19' title="bbox 58 2259 1037 2357; baseline -0.004 -23"><span class='ocrx_word' id='word_1_107' title='bbox 58 2261 125 2354; x_wconf 78' lang='lat' dir='ltr'>Ego</span> <span class='ocrx_word' id='word_1_108' title='bbox 141 2265 179 2332; x_wconf 91' lang='lat' dir='ltr'>in</span> <span class='ocrx_word' id='word_1_109' title='bbox 198 2259 264 2333; x_wconf 93' lang='lat' dir='ltr'>hoc</span> <span class='ocrx_word' id='word_1_110' title='bbox 276 2280 373 2336; x_wconf 89' lang='lat' dir='ltr'>aestu</span> <span class='ocrx_word' id='word_1_111' title='bbox 384 2268 537 2336; x_wconf 91' lang='lat' dir='ltr'>duorum</span> <span class='ocrx_word' id='word_1_112' title='bbox 552 2266 727 2336; x_wconf 89' lang='lat' dir='ltr'>mensium</span> <span class='ocrx_word' id='word_1_113' title='bbox 742 2291 829 2357; x_wconf 89' lang='lat' dir='ltr'>pene</span> <span class='ocrx_word' id='word_1_114' title='bbox 841 2263 1037 2352; x_wconf 85' lang='lat' dir='ltr'>extinguor,</span> 
     </span>
     <span class='ocr_line' id='line_1_20' title="bbox 59 2361 1036 2458; baseline -0.001 -25"><span class='ocrx_word' id='word_1_115' title='bbox 59 2389 114 2434; x_wconf 89' lang='lat' dir='ltr'>nec</span> <span class='ocrx_word' id='word_1_116' title='bbox 129 2367 227 2436; x_wconf 90' lang='lat' dir='ltr'>cibos</span> <span class='ocrx_word' id='word_1_117' title='bbox 245 2361 374 2456; x_wconf 83' lang='lat' dir='ltr'>habeo,</span> <span class='ocrx_word' id='word_1_118' title='bbox 399 2391 464 2436; x_wconf 90' lang='lat' dir='ltr'>nec</span> <span class='ocrx_word' id='word_1_119' title='bbox 484 2382 606 2458; x_wconf 89' lang='lat' dir='ltr'>potum</span> <span class='ocrx_word' id='word_1_120' title='bbox 622 2383 770 2437; x_wconf 91' lang='lat' dir='ltr'>naturae</span> <span class='ocrx_word' id='word_1_121' title='bbox 792 2389 891 2436; x_wconf 90' lang='lat' dir='ltr'>meae</span> <span class='ocrx_word' id='word_1_122' title='bbox 906 2387 1036 2434; x_wconf 89' lang='lat' dir='ltr'>couve-</span> 
     </span>
     <span class='ocr_line' id='line_1_21' title="bbox 59 2463 1037 2560; baseline -0.002 -25"><span class='ocrx_word' id='word_1_123' title='bbox 59 2467 218 2537; x_wconf 86' lang='lat' dir='ltr'>nientem.</span> <span class='ocrx_word' id='word_1_124' title='bbox 268 2467 380 2560; x_wconf 87' lang='lat' dir='ltr'>Spero</span> <span class='ocrx_word' id='word_1_125' title='bbox 393 2481 509 2538; x_wconf 90' lang='lat' dir='ltr'>autem</span> <span class='ocrx_word' id='word_1_126' title='bbox 523 2467 623 2539; x_wconf 88' lang='lat' dir='ltr'>brevi</span> <span class='ocrx_word' id='word_1_127' title='bbox 640 2493 697 2538; x_wconf 90' lang='lat' dir='ltr'>mc</span> <span class='ocrx_word' id='word_1_128' title='bbox 712 2495 752 2540; x_wconf 89' lang='lat' dir='ltr'>ex</span> <span class='ocrx_word' id='word_1_129' title='bbox 769 2463 838 2539; x_wconf 89' lang='lat' dir='ltr'>hoc</span> <span class='ocrx_word' id='word_1_130' title='bbox 850 2465 943 2538; x_wconf 90' lang='lat' dir='ltr'>tristi</span> <span class='ocrx_word' id='word_1_131' title='bbox 960 2489 1037 2534; x_wconf 89' lang='lat' dir='ltr'>car-</span> 
     </span>
     <span class='ocr_line' id='line_1_22' title="bbox 60 2567 1036 2640; baseline 0 -4"><span class='ocrx_word' id='word_1_132' title='bbox 60 2593 125 2638; x_wconf 90' lang='lat' dir='ltr'>cere</span> <span class='ocrx_word' id='word_1_133' title='bbox 140 2570 176 2637; x_wconf 90' lang='lat' dir='ltr'>in</span> <span class='ocrx_word' id='word_1_134' title='bbox 200 2570 383 2640; x_wconf 88' lang='lat' dir='ltr'>coelestem</span> <span class='ocrx_word' id='word_1_135' title='bbox 399 2569 552 2640; x_wconf 88' lang='lat' dir='ltr'>Patriam</span> <span class='ocrx_word' id='word_1_136' title='bbox 570 2583 606 2640; x_wconf 92' lang='lat' dir='ltr'>et</span> <span class='ocrx_word' id='word_1_137' title='bbox 621 2567 848 2640; x_wconf 82' lang='lat' dir='ltr'>Academiam</span> <span class='ocrx_word' id='word_1_138' title='bbox 862 2569 1036 2638; x_wconf 91' lang='lat' dir='ltr'>discessu·</span> 
     </span>
     <span class='ocr_line' id='line_1_23' title="bbox 59 2667 1037 2764; baseline 0 -26"><span class='ocrx_word' id='word_1_139' title='bbox 59 2694 127 2738; x_wconf 85' lang='lat' dir='ltr'>cum</span> <span class='ocrx_word' id='word_1_140' title='bbox 154 2694 241 2743; x_wconf 88' lang='lat' dir='ltr'>esse.</span> <span class='ocrx_word' id='word_1_141' title='bbox 300 2669 376 2742; x_wconf 91' lang='lat' dir='ltr'>Hac</span> <span class='ocrx_word' id='word_1_142' title='bbox 394 2695 455 2764; x_wconf 88' lang='lat' dir='ltr'>spe</span> <span class='ocrx_word' id='word_1_143' title='bbox 477 2672 609 2740; x_wconf 88' lang='lat' dir='ltr'>interea</span> <span class='ocrx_word' id='word_1_144' title='bbox 633 2673 772 2742; x_wconf 84' lang='lat' dir='ltr'>facilius</span> <span class='ocrx_word' id='word_1_145' title='bbox 792 2667 856 2740; x_wconf 89' lang='lat' dir='ltr'>has</span> <span class='ocrx_word' id='word_1_146' title='bbox 877 2669 1037 2740; x_wconf 76' lang='lat' dir='ltr'>miserias</span> 
     </span>
     <span class='ocr_line' id='line_1_24' title="bbox 59 2766 1037 2846; baseline 0.001 -7"><span class='ocrx_word' id='word_1_147' title='bbox 59 2773 134 2842; x_wconf 87' lang='lat' dir='ltr'>lero.</span> <span class='ocrx_word' id='word_1_148' title='bbox 186 2771 296 2842; x_wconf 90' lang='lat' dir='ltr'>Mitto</span> <span class='ocrx_word' id='word_1_149' title='bbox 326 2773 391 2842; x_wconf 90' lang='lat' dir='ltr'>tibi</span> <span class='ocrx_word' id='word_1_150' title='bbox 420 2787 454 2844; x_wconf 89' lang='lat' dir='ltr'>ct</span> <span class='ocrx_word' id='word_1_151' title='bbox 475 2768 639 2846; x_wconf 85' lang='lat' dir='ltr'>Nicnlno</span> <span class='ocrx_word' id='word_1_152' title='bbox 659 2774 800 2844; x_wconf 91' lang='lat' dir='ltr'>libellos</span> <span class='ocrx_word' id='word_1_153' title='bbox 828 2766 887 2844; x_wconf 92' lang='lat' dir='ltr'>hic</span> <span class='ocrx_word' id='word_1_154' title='bbox 914 2793 1037 2842; x_wconf 89' lang='lat' dir='ltr'>recens</span> 
     </span>
     <span class='ocr_line' id='line_1_25' title="bbox 59 2870 1035 2967; baseline -0.001 -26"><span class='ocrx_word' id='word_1_155' title='bbox 59 2874 178 2959; x_wconf 88' lang='lat' dir='ltr'>editos,</span> <span class='ocrx_word' id='word_1_156' title='bbox 215 2875 298 2967; x_wconf 88' lang='lat' dir='ltr'>quia</span> <span class='ocrx_word' id='word_1_157' title='bbox 323 2875 410 2944; x_wconf 90' lang='lat' dir='ltr'>alias</span> <span class='ocrx_word' id='word_1_158' title='bbox 432 2876 576 2966; x_wconf 75' lang='lat' dir='ltr'>paginas</span> <span class='ocrx_word' id='word_1_159' title='bbox 598 2901 671 2946; x_wconf 91' lang='lat' dir='ltr'>non</span> <span class='ocrx_word' id='word_1_160' title='bbox 696 2870 869 2946; x_wconf 82' lang='lat' dir='ltr'>habebam</span> <span class='ocrx_word' id='word_1_161' title='bbox 893 2874 937 2942; x_wconf 90' lang='lat' dir='ltr'>ad</span> <span class='ocrx_word' id='word_1_162' title='bbox 960 2895 1035 2940; x_wconf 91' lang='lat' dir='ltr'>ma·</span> 
     </span>
     <span class='ocr_line' id='line_1_26' title="bbox 59 2970 1036 3070; baseline 0 -28"><span class='ocrx_word' id='word_1_163' title='bbox 59 2998 145 3046; x_wconf 88' lang='lat' dir='ltr'>uum.</span> <span class='ocrx_word' id='word_1_164' title='bbox 209 2973 364 3046; x_wconf 75' lang='lat' dir='ltr'>Dornino</span> <span class='ocrx_word' id='word_1_165' title='bbox 389 2970 548 3070; x_wconf 80' lang='lat' dir='ltr'>Stigelr‘o</span> <span class='ocrx_word' id='word_1_166' title='bbox 569 2975 697 3048; x_wconf 82' lang='lat' dir='ltr'>Poetae</span> <span class='ocrx_word' id='word_1_167' title='bbox 718 2977 854 3068; x_wconf 89' lang='lat' dir='ltr'>optimo</span> <span class='ocrx_word' id='word_1_168' title='bbox 878 2988 912 3044; x_wconf 88' lang='lat' dir='ltr'>et</span> <span class='ocrx_word' id='word_1_169' title='bbox 934 2973 1036 3042; x_wconf 91' lang='lat' dir='ltr'>vobis</span> 
     </span>
     <span class='ocr_line' id='line_1_27' title="bbox 58 3067 1035 3168; baseline -0.002 -24"><span class='ocrx_word' id='word_1_170' title='bbox 58 3077 214 3145; x_wconf 69' lang='lat' dir='ltr'>uentribus</span> <span class='ocrx_word' id='word_1_171' title='bbox 237 3077 384 3148; x_wconf 87' lang='lat' dir='ltr'>salutem</span> <span class='ocrx_word' id='word_1_172' title='bbox 407 3093 500 3168; x_wconf 89' lang='lat' dir='ltr'>opto.</span> <span class='ocrx_word' id='word_1_173' title='bbox 552 3075 649 3148; x_wconf 86' lang='lat' dir='ltr'>Bene</span> <span class='ocrx_word' id='word_1_174' title='bbox 666 3079 753 3154; x_wconf 89' lang='lat' dir='ltr'>vale.</span> <span class='ocrx_word' id='word_1_175' title='bbox 806 3077 873 3148; x_wconf 92' lang='lat' dir='ltr'>Die</span> <span class='ocrx_word' id='word_1_176' title='bbox 887 3067 1035 3145; x_wconf 79' lang='lat' dir='ltr'>Iohan-</span> 
     </span>
    </p>
   </div>
   <div class='ocr_carea' id='block_1_8' title="bbox 59 3172 634 3278">
    <p class='ocr_par' dir='ltr' id='par_1_8' title="bbox 59 3172 634 3278">
     <span class='ocr_line' id='line_1_28' title="bbox 59 3172 634 3278; baseline 0.01 -36"><span class='ocrx_word' id='word_1_177' title='bbox 59 3175 110 3246; x_wconf 88' lang='lat' dir='ltr'>nis</span> <span class='ocrx_word' id='word_1_178' title='bbox 123 3172 324 3278; x_wconf 71' lang='lat' dir='ltr'>Baptistae</span> <span class='ocrx_word' id='word_1_179' title='bbox 339 3179 494 3250; x_wconf 88' lang='lat' dir='ltr'>doctoris</span> <span class='ocrx_word' id='word_1_180' title='bbox 509 3181 634 3260; x_wconf 79' lang='lat' dir='ltr'>nostri.</span> 
     </span>
    </p>
   </div>
   <div class='ocr_carea' id='block_1_9' title="bbox 878 3535 1018 3610">
    <p class='ocr_par' dir='ltr' id='par_1_9' title="bbox 878 3535 1018 3610">
     <span class='ocr_line' id='line_1_29' title="bbox 878 3535 1018 3610; baseline 0 -8"><span class='ocrx_word' id='word_1_181' title='bbox 878 3544 934 3610; x_wconf 70' lang='lat'>24.</span> <span class='ocrx_word' id='word_1_182' title='bbox 948 3535 1018 3602; x_wconf 86' lang='lat' dir='ltr'>lon.</span> 
     </span>
    </p>
   </div>
   <div class='ocr_carea' id='block_1_10' title="bbox 858 3628 1029 3662">
    <p class='ocr_par' dir='ltr' id='par_1_10' title="bbox 858 3628 1029 3662">
     <span class='ocr_line' id='line_1_30' title="bbox 858 3628 1029 3662; baseline -0.012 0"><span class='ocrx_word' id='word_1_183' title='bbox 858 3628 1029 3662; x_wconf 55' lang='lat' dir='ltr'>m</span> 
     </span>
    </p>
   </div>
   <div class='ocr_carea' id='block_1_11' title="bbox 333 3719 756 3830">
    <p class='ocr_par' dir='ltr' id='par_1_11' title="bbox 333 3719 756 3830">
     <span class='ocr_line' id='line_1_31' title="bbox 333 3719 756 3830; baseline -0.007 -21"><span class='ocrx_word' id='word_1_184' title='bbox 333 3722 400 3808; x_wconf 79' lang='lat' dir='ltr'><em>M</em></span> <span class='ocrx_word' id='word_1_185' title='bbox 417 3719 756 3830; x_wconf 81' lang='lat' dir='ltr'>Meienbnrgio.</span> 
     </span>
    </p>
   </div>
   <div class='ocr_carea' id='block_1_12' title="bbox 148 3879 513 3955">
    <p class='ocr_par' dir='ltr' id='par_1_12' title="bbox 148 3879 513 3955">
     <span class='ocr_line' id='line_1_32' title="bbox 148 3879 513 3955; baseline -0.008 -20"><span class='ocrx_word' id='word_1_186' title='bbox 148 3882 238 3955; x_wconf 80' lang='lat' dir='ltr'>Epist·</span> <span class='ocrx_word' id='word_1_187' title='bbox 256 3879 305 3936; x_wconf 82' lang='lat' dir='ltr'>lib.</span> <span class='ocrx_word' id='word_1_188' title='bbox 320 3879 355 3934; x_wconf 85' lang='lat' dir='ltr'>V.</span> <span class='ocrx_word' id='word_1_189' title='bbox 372 3897 401 3951; x_wconf 89' lang='lat' dir='ltr'>p.</span> <span class='ocrx_word' id='word_1_190' title='bbox 415 3879 513 3951; x_wconf 70' lang='lat' dir='ltr'>Sldsq.</span> 
     </span>
    </p>
   </div>
   <div class='ocr_carea' id='block_1_13' title="bbox 77 4021 1010 4208">
    <p class='ocr_par' dir='ltr' id='par_1_13' title="bbox 77 4021 1010 4208">
     <span class='ocr_line' id='line_1_33' title="bbox 77 4021 1010 4204; baseline -0.012 -96"><span class='ocrx_word' id='word_1_191' title='bbox 77 4030 312 4108; x_wconf 64' lang='lat' dir='ltr'>attenuati</span> <span class='ocrx_word' id='word_1_192' title='bbox 335 4028 686 4204; x_wconf 49' lang='lat' dir='ltr'>Meienplurgio,</span> <span class='ocrx_word' id='word_1_193' title='bbox 718 4021 1010 4104; x_wconf 83' lang='lat' dir='ltr'>ConsuliNort-</span> 
     </span>
     <span class='ocr_line' id='line_1_34' title="bbox 530 4157 585 4208; baseline 0.073 -5"><span class='ocrx_word' id='word_1_194' title='bbox 530 4157 585 4208; x_wconf 84' lang='lat' dir='ltr'>ns.</span> 
     </span>
    </p>
   </div>
   <div class='ocr_carea' id='block_1_14' title="bbox 58 3536 241 3612">
    <p class='ocr_par' dir='ltr' id='par_1_14' title="bbox 58 3536 241 3612">
     <span class='ocr_line' id='line_1_35' title="bbox 58 3536 241 3612; baseline 0.033 -6"><span class='ocrx_word' id='word_1_195' title='bbox 58 3536 114 3610; x_wconf 86' lang='lat' dir='ltr'>Nu.</span> <span class='ocrx_word' id='word_1_196' title='bbox 125 3537 241 3612; x_wconf 82' lang='lat'>6810.</span> 
     </span>
    </p>
   </div>
   <div class='ocr_carea' id='block_1_15' title="bbox 63 3634 225 3664">
    <p class='ocr_par' dir='ltr' id='par_1_15' title="bbox 63 3634 225 3664">
     <span class='ocr_line' id='line_1_36' title="bbox 63 3634 225 3664; baseline -0.019 0"><span class='ocrx_word' id='word_1_197' title='bbox 63 3634 225 3664; x_wconf 57' lang='lat' dir='ltr'>m</span> 
     </span>
    </p>
   </div>
   <div class='ocr_carea' id='block_1_16' title="bbox 55 4269 1033 4584">
    <p class='ocr_par' dir='ltr' id='par_1_16' title="bbox 55 4269 1033 4584">
     <span class='ocr_line' id='line_1_37' title="bbox 56 4269 1033 4367; baseline -0.001 -13"><span class='ocrx_word' id='word_1_198' title='bbox 56 4269 98 4360; x_wconf 82' lang='lat' dir='ltr'>S.</span> <span class='ocrx_word' id='word_1_199' title='bbox 113 4285 156 4362; x_wconf 92' lang='lat' dir='ltr'>D.</span> <span class='ocrx_word' id='word_1_200' title='bbox 208 4285 465 4358; x_wconf 84' lang='lat' dir='ltr'>Honestissime</span> <span class='ocrx_word' id='word_1_201' title='bbox 498 4285 572 4367; x_wconf 90' lang='lat' dir='ltr'>vir,</span> <span class='ocrx_word' id='word_1_202' title='bbox 607 4297 642 4353; x_wconf 90' lang='lat' dir='ltr'>et</span> <span class='ocrx_word' id='word_1_203' title='bbox 672 4282 784 4351; x_wconf 88' lang='lat' dir='ltr'>amice</span> <span class='ocrx_word' id='word_1_204' title='bbox 817 4274 1033 4353; x_wconf 83' lang='lat' dir='ltr'>charissime.</span> 
     </span>
     <span class='ocr_line' id='line_1_38' title="bbox 55 4379 1033 4472; baseline -0.006 -16"><span class='ocrx_word' id='word_1_205' title='bbox 55 4385 191 4460; x_wconf 88' lang='lat' dir='ltr'>Summa</span> <span class='ocrx_word' id='word_1_206' title='bbox 214 4387 409 4460; x_wconf 88' lang='lat' dir='ltr'>consolatio</span> <span class='ocrx_word' id='word_1_207' title='bbox 424 4387 461 4454; x_wconf 93' lang='lat' dir='ltr'>in</span> <span class='ocrx_word' id='word_1_208' title='bbox 477 4387 550 4456; x_wconf 88' lang='lat' dir='ltr'>vita</span> <span class='ocrx_word' id='word_1_209' title='bbox 566 4397 601 4454; x_wconf 87' lang='lat' dir='ltr'>et</span> <span class='ocrx_word' id='word_1_210' title='bbox 618 4385 655 4452; x_wconf 89' lang='lat' dir='ltr'>in</span> <span class='ocrx_word' id='word_1_211' title='bbox 677 4384 844 4454; x_wconf 90' lang='lat' dir='ltr'>omnibus</span> <span class='ocrx_word' id='word_1_212' title='bbox 866 4379 1033 4472; x_wconf 91' lang='lat' dir='ltr'>periculis</span> 
     </span>
     <span class='ocr_line' id='line_1_39' title="bbox 55 4480 1032 4584; baseline -0.003 -30"><span class='ocrx_word' id='word_1_213' title='bbox 55 4480 132 4560; x_wconf 85' lang='lat' dir='ltr'>haec</span> <span class='ocrx_word' id='word_1_214' title='bbox 155 4507 223 4576; x_wconf 86' lang='lat' dir='ltr'>est,</span> <span class='ocrx_word' id='word_1_215' title='bbox 247 4493 344 4584; x_wconf 90' lang='lat' dir='ltr'>quod</span> <span class='ocrx_word' id='word_1_216' title='bbox 369 4489 515 4573; x_wconf 90' lang='lat' dir='ltr'>scimus,</span> <span class='ocrx_word' id='word_1_217' title='bbox 539 4499 634 4556; x_wconf 89' lang='lat' dir='ltr'>certo</span> <span class='ocrx_word' id='word_1_218' title='bbox 654 4483 789 4556; x_wconf 83' lang='lat' dir='ltr'>Filium</span> <span class='ocrx_word' id='word_1_219' title='bbox 805 4480 874 4554; x_wconf 90' lang='lat' dir='ltr'>Dei</span> <span class='ocrx_word' id='word_1_220' title='bbox 896 4505 1032 4553; x_wconf 87' lang='lat' dir='ltr'>assum-</span> 
     </span>
    </p>
   </div>
   <div class='ocr_carea' id='block_1_17' title="bbox 55 4584 1143 4680">
    <p class='ocr_par' dir='ltr' id='par_1_17' title="bbox 55 4584 1143 4680">
     <span class='ocr_line' id='line_1_40' title="bbox 55 4584 1143 4680; baseline -0.006 -23"><span class='ocrx_word' id='word_1_221' title='bbox 55 4590 154 4680; x_wconf 84' lang='lat' dir='ltr'>psisse</span> <span class='ocrx_word' id='word_1_222' title='bbox 167 4588 361 4663; x_wconf 86' lang='lat' dir='ltr'>humanam</span> <span class='ocrx_word' id='word_1_223' title='bbox 378 4603 543 4666; x_wconf 86' lang='lat' dir='ltr'>naturam</span> <span class='ocrx_word' id='word_1_224' title='bbox 559 4584 651 4656; x_wconf 81' lang='lat' dir='ltr'>hanc</span> <span class='ocrx_word' id='word_1_225' title='bbox 677 4587 788 4678; x_wconf 88' lang='lat' dir='ltr'>ipsam</span> <span class='ocrx_word' id='word_1_226' title='bbox 810 4585 857 4655; x_wconf 90' lang='lat' dir='ltr'>ob</span> <span class='ocrx_word' id='word_1_227' title='bbox 881 4605 1032 4669; x_wconf 87' lang='lat' dir='ltr'>causam,</span> <span class='ocrx_word' id='word_1_228' title='bbox 1139 4659 1143 4666; x_wconf 53' lang='grc'>,</span> 
     </span>
    </p>
   </div>
   <div class='ocr_carea' id='block_1_18' title="bbox 53 4683 1031 5192">
    <p class='ocr_par' dir='ltr' id='par_1_18' title="bbox 53 4683 1031 5192">
     <span class='ocr_line' id='line_1_41' title="bbox 55 4683 1031 4787; baseline -0.007 -29"><span class='ocrx_word' id='word_1_229' title='bbox 55 4705 90 4761; x_wconf 89' lang='lat' dir='ltr'>ut</span> <span class='ocrx_word' id='word_1_230' title='bbox 103 4717 164 4762; x_wconf 87' lang='lat' dir='ltr'>nos</span> <span class='ocrx_word' id='word_1_231' title='bbox 181 4709 349 4787; x_wconf 87' lang='lat' dir='ltr'>tanquam</span> <span class='ocrx_word' id='word_1_232' title='bbox 364 4691 524 4762; x_wconf 87' lang='lat' dir='ltr'>surculos</span> <span class='ocrx_word' id='word_1_233' title='bbox 539 4687 607 4758; x_wconf 89' lang='lat' dir='ltr'>sibi</span> <span class='ocrx_word' id='word_1_234' title='bbox 627 4686 778 4756; x_wconf 83' lang='lat' dir='ltr'>insertos</span> <span class='ocrx_word' id='word_1_235' title='bbox 798 4697 909 4773; x_wconf 87' lang='lat' dir='ltr'>gestet</span> <span class='ocrx_word' id='word_1_236' title='bbox 925 4697 961 4756; x_wconf 86' lang='lat' dir='ltr'>et</span> <span class='ocrx_word' id='word_1_237' title='bbox 975 4683 1031 4752; x_wconf 87' lang='lat' dir='ltr'>vi-</span> 
     </span>
     <span class='ocr_line' id='line_1_42' title="bbox 55 4786 1030 4873; baseline -0.005 -15"><span class='ocrx_word' id='word_1_238' title='bbox 55 4793 171 4868; x_wconf 79' lang='lat' dir='ltr'>viticat.</span> <span class='ocrx_word' id='word_1_239' title='bbox 223 4793 271 4866; x_wconf 86' lang='lat' dir='ltr'>Et</span> <span class='ocrx_word' id='word_1_240' title='bbox 290 4795 480 4864; x_wconf 84' lang='lat' dir='ltr'>inserimur</span> <span class='ocrx_word' id='word_1_241' title='bbox 502 4792 534 4860; x_wconf 87' lang='lat' dir='ltr'>ei</span> <span class='ocrx_word' id='word_1_242' title='bbox 555 4802 669 4873; x_wconf 90' lang='lat' dir='ltr'>certo,</span> <span class='ocrx_word' id='word_1_243' title='bbox 701 4799 840 4858; x_wconf 89' lang='lat' dir='ltr'>tantum</span> <span class='ocrx_word' id='word_1_244' title='bbox 865 4786 934 4856; x_wconf 86' lang='lat' dir='ltr'>fide</span> <span class='ocrx_word' id='word_1_245' title='bbox 954 4807 1030 4854; x_wconf 87' lang='lat' dir='ltr'>cre-</span> 
     </span>
     <span class='ocr_line' id='line_1_43' title="bbox 56 4882 1029 4988; baseline -0.006 -27"><span class='ocrx_word' id='word_1_246' title='bbox 56 4893 168 4966; x_wconf 81' lang='lat' dir='ltr'>dentes</span> <span class='ocrx_word' id='word_1_247' title='bbox 183 4897 259 4968; x_wconf 89' lang='lat' dir='ltr'>eius</span> <span class='ocrx_word' id='word_1_248' title='bbox 277 4892 515 4988; x_wconf 87' lang='lat' dir='ltr'>promissioni.</span> <span class='ocrx_word' id='word_1_249' title='bbox 565 4891 678 4982; x_wconf 88' lang='lat' dir='ltr'>Saepe</span> <span class='ocrx_word' id='word_1_250' title='bbox 693 4889 804 4980; x_wconf 86' lang='lat' dir='ltr'>igitur</span> <span class='ocrx_word' id='word_1_251' title='bbox 817 4882 903 4958; x_wconf 89' lang='lat' dir='ltr'>haec</span> <span class='ocrx_word' id='word_1_252' title='bbox 919 4886 1029 4979; x_wconf 89' lang='lat' dir='ltr'>ipsius</span> 
     </span>
     <span class='ocr_line' id='line_1_44' title="bbox 54 4990 1030 5090; baseline -0.007 -26"><span class='ocrx_word' id='word_1_253' title='bbox 54 4999 150 5070; x_wconf 78' lang='lat' dir='ltr'>rerba</span> <span class='ocrx_word' id='word_1_254' title='bbox 166 5000 322 5090; x_wconf 83' lang='lat' dir='ltr'>repetite.</span> <span class='ocrx_word' id='word_1_255' title='bbox 367 4996 496 5066; x_wconf 88' lang='lat' dir='ltr'>Venite</span> <span class='ocrx_word' id='word_1_256' title='bbox 511 4996 554 5064; x_wconf 89' lang='lat' dir='ltr'>ad</span> <span class='ocrx_word' id='word_1_257' title='bbox 573 5017 629 5064; x_wconf 90' lang='lat' dir='ltr'>me</span> <span class='ocrx_word' id='word_1_258' title='bbox 643 5013 785 5071; x_wconf 85' lang='lat' dir='ltr'>ornnes,</span> <span class='ocrx_word' id='word_1_259' title='bbox 811 4991 873 5083; x_wconf 82' lang='lat' dir='ltr'>qui</span> <span class='ocrx_word' id='word_1_260' title='bbox 888 4990 1030 5062; x_wconf 87' lang='lat' dir='ltr'>labora-</span> 
     </span>
     <span class='ocr_line' id='line_1_45' title="bbox 53 5090 1030 5192; baseline -0.006 -26"><span class='ocrx_word' id='word_1_261' title='bbox 53 5097 93 5168; x_wconf 83' lang='lat' dir='ltr'>tis</span> <span class='ocrx_word' id='word_1_262' title='bbox 104 5113 137 5170; x_wconf 91' lang='lat' dir='ltr'>et</span> <span class='ocrx_word' id='word_1_263' title='bbox 151 5101 286 5172; x_wconf 86' lang='lat' dir='ltr'>onerati</span> <span class='ocrx_word' id='word_1_264' title='bbox 304 5099 406 5184; x_wconf 90' lang='lat' dir='ltr'>estis,</span> <span class='ocrx_word' id='word_1_265' title='bbox 437 5111 472 5168; x_wconf 88' lang='lat' dir='ltr'>et</span> <span class='ocrx_word' id='word_1_266' title='bbox 487 5093 575 5192; x_wconf 82' lang='lat' dir='ltr'>Ego</span> <span class='ocrx_word' id='word_1_267' title='bbox 590 5095 742 5166; x_wconf 86' lang='lat' dir='ltr'>reficiam</span> <span class='ocrx_word' id='word_1_268' title='bbox 756 5115 831 5167; x_wconf 86' lang='lat' dir='ltr'>vos.</span> <span class='ocrx_word' id='word_1_269' title='bbox 883 5090 1030 5184; x_wconf 88' lang='lat' dir='ltr'>Semper</span> 
     </span>
    </p>
   </div>
   <div class='ocr_carea' id='block_1_19' title="bbox 52 5263 246 5285">
    <p class='ocr_par' dir='ltr' id='par_1_19' title="bbox 52 5263 246 5285">
     <span class='ocr_line' id='line_1_46' title="bbox 52 5263 246 5285; baseline 0.005 -1"><span class='ocrx_word' id='word_1_270' title='bbox 52 5263 246 5285; x_wconf 59' lang='lat' dir='ltr'>finan-u—</span> 
     </span>
    </p>
   </div>
   <div class='ocr_carea' id='block_1_20' title="bbox 75 5365 903 5448">
    <p class='ocr_par' dir='ltr' id='par_1_20' title="bbox 75 5365 903 5448">
     <span class='ocr_line' id='line_1_47' title="bbox 75 5365 903 5448; baseline -0.004 -22"><span class='ocrx_word' id='word_1_271' title='bbox 75 5373 106 5444; x_wconf 66' lang='lat' dir='ltr'>lt)</span> <span class='ocrx_word' id='word_1_272' title='bbox 125 5373 185 5434; x_wconf 77' lang='lat' dir='ltr'>vit.</span> <span class='ocrx_word' id='word_1_273' title='bbox 204 5376 236 5432; x_wconf 84' lang='lat' dir='ltr'>cle</span> <span class='ocrx_word' id='word_1_274' title='bbox 252 5391 287 5432; x_wconf 83' lang='lat' dir='ltr'>eo</span> <span class='ocrx_word' id='word_1_275' title='bbox 304 5373 385 5448; x_wconf 78' lang='lat' dir='ltr'>epist.</span> <span class='ocrx_word' id='word_1_276' title='bbox 401 5371 436 5430; x_wconf 80' lang='lat' dir='ltr'>etl</span> <span class='ocrx_word' id='word_1_277' title='bbox 454 5369 602 5429; x_wconf 82' lang='lat' dir='ltr'>Mordisin.</span> <span class='ocrx_word' id='word_1_278' title='bbox 622 5368 651 5430; x_wconf 81' lang='lat' dir='ltr'>cl.</span> <span class='ocrx_word' id='word_1_279' title='bbox 669 5368 715 5427; x_wconf 70' lang='lat'>26.</span> <span class='ocrx_word' id='word_1_280' title='bbox 732 5367 808 5446; x_wconf 78' lang='lat' dir='ltr'>sepe</span> <span class='ocrx_word' id='word_1_281' title='bbox 827 5365 903 5440; x_wconf 69' lang='lat'>1558.</span> 
     </span>
    </p>
   </div>
   <div class='ocr_carea' id='block_1_21' title="bbox 630 199 1508 448">
    <p class='ocr_par' dir='ltr' id='par_1_21' title="bbox 630 199 1508 448">
     <span class='ocr_line' id='line_1_48' title="bbox 630 199 1508 284; baseline 0.007 -6"><span class='ocrx_word' id='word_1_282' title='bbox 630 199 1059 281; x_wconf 81' lang='lat' dir='ltr'>EPISTOLARUM</span> <span class='ocrx_word' id='word_1_283' title='bbox 1109 201 1217 282; x_wconf 84' lang='lat' dir='ltr'>Llll.</span> <span class='ocrx_word' id='word_1_284' title='bbox 1242 203 1324 284; x_wconf 87' lang='lat' dir='ltr'>llll.</span> <span class='ocrx_word' id='word_1_285' title='bbox 1378 203 1508 284; x_wconf 84' lang='grc'><strong>1555.</strong></span> 
     </span>
     <span class='ocr_line' id='line_1_49' title="bbox 884 375 1028 448; baseline -0.035 0"><span class='ocrx_word' id='word_1_286' title='bbox 884 375 1028 448; x_wconf 69' lang='lat' dir='ltr'>ttelno.</span> 
     </span>
    </p>
   </div>
   <div class='ocr_carea' id='block_1_22' title="bbox 2011 204 2085 282">
    <p class='ocr_par' dir='ltr' id='par_1_22' title="bbox 2011 204 2085 282">
     <span class='ocr_line' id='line_1_50' title="bbox 2011 204 2085 282; baseline 0.027 -2"><span class='ocrx_word' id='word_1_287' title='bbox 2011 204 2085 282; x_wconf 84' lang='grc'>505</span> 
     </span>
    </p>
   </div>
   <div class='ocr_carea' id='block_1_23' title="bbox 1069 372 2081 480">
    <p class='ocr_par' dir='ltr' id='par_1_23' title="bbox 1069 372 2081 480">
     <span class='ocr_line' id='line_1_51' title="bbox 1069 372 2081 480; baseline 0.003 -37"><span class='ocrx_word' id='word_1_288' title='bbox 1069 373 1263 480; x_wconf 56' lang='lat' dir='ltr'>:cogitate,</span> <span class='ocrx_word' id='word_1_289' title='bbox 1310 372 1424 446; x_wconf 87' lang='lat' dir='ltr'>Filius</span> <span class='ocrx_word' id='word_1_290' title='bbox 1455 374 1521 446; x_wconf 90' lang='lat' dir='ltr'>Dei</span> <span class='ocrx_word' id='word_1_291' title='bbox 1556 389 1731 468; x_wconf 90' lang='lat' dir='ltr'>assumpta</span> <span class='ocrx_word' id='word_1_292' title='bbox 1767 391 1898 448; x_wconf 62' lang='lat' dir='ltr'>natura*</span> <span class='ocrx_word' id='word_1_293' title='bbox 1927 373 2081 446; x_wconf 89' lang='lat' dir='ltr'>humana</span> 
     </span>
    </p>
   </div>
   <div class='ocr_carea' id='block_1_24' title="bbox 1091 475 2081 1176">
    <p class='ocr_par' dir='ltr' id='par_1_24' title="bbox 1091 475 2081 1176">
     <span class='ocr_line' id='line_1_52' title="bbox 1095 475 2081 567; baseline 0.004 -23"><span class='ocrx_word' id='word_1_294' title='bbox 1095 499 1209 545; x_wconf 89' lang='lat' dir='ltr'>meam</span> <span class='ocrx_word' id='word_1_295' title='bbox 1229 499 1378 546; x_wconf 87' lang='lat' dir='ltr'>massam</span> <span class='ocrx_word' id='word_1_296' title='bbox 1403 475 1510 547; x_wconf 87' lang='lat' dir='ltr'>etiam</span> <span class='ocrx_word' id='word_1_297' title='bbox 1531 491 1651 567; x_wconf 87' lang='lat' dir='ltr'>gestat.</span> <span class='ocrx_word' id='word_1_298' title='bbox 1701 475 1748 550; x_wconf 82' lang='lat' dir='ltr'>Et</span> <span class='ocrx_word' id='word_1_299' title='bbox 1768 501 1841 548; x_wconf 91' lang='lat' dir='ltr'>sese</span> <span class='ocrx_word' id='word_1_300' title='bbox 1863 494 1956 548; x_wconf 87' lang='lat' dir='ltr'>certo</span> <span class='ocrx_word' id='word_1_301' title='bbox 1976 479 2081 548; x_wconf 86' lang='lat' dir='ltr'>nobis</span> 
     </span>
     <span class='ocr_line' id='line_1_53' title="bbox 1095 579 2081 672; baseline 0 -24"><span class='ocrx_word' id='word_1_302' title='bbox 1095 579 1332 650; x_wconf 84' lang='lat' dir='ltr'>communicat</span> <span class='ocrx_word' id='word_1_303' title='bbox 1364 603 1426 649; x_wconf 87' lang='lat' dir='ltr'>sua</span> <span class='ocrx_word' id='word_1_304' title='bbox 1461 579 1709 669; x_wconf 85' lang='lat' dir='ltr'>promissione,</span> <span class='ocrx_word' id='word_1_305' title='bbox 1748 603 1853 672; x_wconf 85' lang='lat' dir='ltr'>quam</span> <span class='ocrx_word' id='word_1_306' title='bbox 1884 580 1979 666; x_wconf 86' lang='lat' dir='ltr'>vult,</span> <span class='ocrx_word' id='word_1_307' title='bbox 2014 601 2081 650; x_wconf 91' lang='lat' dir='ltr'>nos</span> 
     </span>
     <span class='ocr_line' id='line_1_54' title="bbox 1094 673 2078 778; baseline -0.001 -30"><span class='ocrx_word' id='word_1_308' title='bbox 1094 693 1188 750; x_wconf 91' lang='lat' dir='ltr'>certo</span> <span class='ocrx_word' id='word_1_309' title='bbox 1212 681 1368 770; x_wconf 87' lang='lat' dir='ltr'>accipere</span> <span class='ocrx_word' id='word_1_310' title='bbox 1389 678 1474 751; x_wconf 91' lang='lat' dir='ltr'>Sola</span> <span class='ocrx_word' id='word_1_311' title='bbox 1491 677 1590 752; x_wconf 84' lang='lat' dir='ltr'>Fide.</span> <span class='ocrx_word' id='word_1_312' title='bbox 1641 678 1717 772; x_wconf 89' lang='lat' dir='ltr'>lpse</span> <span class='ocrx_word' id='word_1_313' title='bbox 1742 695 1793 751; x_wconf 86' lang='lat' dir='ltr'>est</span> <span class='ocrx_word' id='word_1_314' title='bbox 1815 673 1924 778; x_wconf 77' lang='grc' dir='ltr'><strong><em>λόγος</em></strong></span> <span class='ocrx_word' id='word_1_315' title='bbox 1944 679 2078 752; x_wconf 89' lang='lat' dir='ltr'>aeterni</span> 
     </span>
     <span class='ocr_line' id='line_1_55' title="bbox 1093 780 2079 874; baseline 0.001 -23"><span class='ocrx_word' id='word_1_316' title='bbox 1093 780 1220 868; x_wconf 88' lang='lat' dir='ltr'>Patris,</span> <span class='ocrx_word' id='word_1_317' title='bbox 1244 796 1277 853; x_wconf 89' lang='lat' dir='ltr'>et</span> <span class='ocrx_word' id='word_1_318' title='bbox 1290 783 1387 853; x_wconf 90' lang='lat' dir='ltr'>adest</span> <span class='ocrx_word' id='word_1_319' title='bbox 1401 783 1509 852; x_wconf 90' lang='lat' dir='ltr'>verbo</span> <span class='ocrx_word' id='word_1_320' title='bbox 1525 781 1651 868; x_wconf 89' lang='lat' dir='ltr'>vocali,</span> <span class='ocrx_word' id='word_1_321' title='bbox 1677 795 1710 852; x_wconf 91' lang='lat' dir='ltr'>et</span> <span class='ocrx_word' id='word_1_322' title='bbox 1724 805 1797 852; x_wconf 90' lang='lat' dir='ltr'>sese</span> <span class='ocrx_word' id='word_1_323' title='bbox 1813 795 1907 852; x_wconf 90' lang='lat' dir='ltr'>certo</span> <span class='ocrx_word' id='word_1_324' title='bbox 1925 807 1987 874; x_wconf 89' lang='lat' dir='ltr'>per</span> <span class='ocrx_word' id='word_1_325' title='bbox 2000 808 2079 854; x_wconf 87' lang='lat' dir='ltr'>ver-</span> 
     </span>
     <span class='ocr_line' id='line_1_56' title="bbox 1092 883 2080 972; baseline 0.007 -21"><span class='ocrx_word' id='word_1_326' title='bbox 1092 883 1179 952; x_wconf 87' lang='lat' dir='ltr'>bum</span> <span class='ocrx_word' id='word_1_327' title='bbox 1197 885 1316 956; x_wconf 88' lang='lat' dir='ltr'>vocale</span> <span class='ocrx_word' id='word_1_328' title='bbox 1333 884 1558 956; x_wconf 85' lang='lat' dir='ltr'>credentibus</span> <span class='ocrx_word' id='word_1_329' title='bbox 1571 885 1825 972; x_wconf 88' lang='lat' dir='ltr'>communicat,</span> <span class='ocrx_word' id='word_1_330' title='bbox 1849 897 1884 956; x_wconf 90' lang='lat' dir='ltr'>et</span> <span class='ocrx_word' id='word_1_331' title='bbox 1905 885 1944 954; x_wconf 89' lang='lat' dir='ltr'>in</span> <span class='ocrx_word' id='word_1_332' title='bbox 1962 883 2010 954; x_wconf 90' lang='lat' dir='ltr'>eis</span> <span class='ocrx_word' id='word_1_333' title='bbox 2028 899 2080 958; x_wconf 90' lang='lat' dir='ltr'>est</span> 
     </span>
     <span class='ocr_line' id='line_1_57' title="bbox 1093 983 2079 1079; baseline 0.005 -27"><span class='ocrx_word' id='word_1_334' title='bbox 1093 985 1212 1056; x_wconf 76' lang='lat' dir='ltr'>efficax</span> <span class='ocrx_word' id='word_1_335' title='bbox 1229 999 1263 1056; x_wconf 88' lang='lat' dir='ltr'>et</span> <span class='ocrx_word' id='word_1_336' title='bbox 1285 987 1437 1058; x_wconf 89' lang='lat' dir='ltr'>viviticat</span> <span class='ocrx_word' id='word_1_337' title='bbox 1456 1009 1515 1055; x_wconf 89' lang='lat' dir='ltr'>eos</span> <span class='ocrx_word' id='word_1_338' title='bbox 1531 1009 1596 1056; x_wconf 91' lang='lat' dir='ltr'>suo</span> <span class='ocrx_word' id='word_1_339' title='bbox 1619 985 1749 1058; x_wconf 90' lang='lat' dir='ltr'>Sancto</span> <span class='ocrx_word' id='word_1_340' title='bbox 1772 985 1920 1079; x_wconf 91' lang='lat' dir='ltr'>Spiritu.</span> <span class='ocrx_word' id='word_1_341' title='bbox 1970 983 2079 1057; x_wconf 90' lang='lat' dir='ltr'>Hunc</span> 
     </span>
     <span class='ocr_line' id='line_1_58' title="bbox 1091 1083 2080 1176; baseline 0.003 -23"><span class='ocrx_word' id='word_1_342' title='bbox 1091 1109 1214 1156; x_wconf 89' lang='lat' dir='ltr'>verum</span> <span class='ocrx_word' id='word_1_343' title='bbox 1237 1085 1456 1160; x_wconf 90' lang='lat' dir='ltr'>Salvatorem</span> <span class='ocrx_word' id='word_1_344' title='bbox 1481 1085 1597 1159; x_wconf 89' lang='lat' dir='ltr'>lesum</span> <span class='ocrx_word' id='word_1_345' title='bbox 1618 1083 1821 1172; x_wconf 87' lang='lat' dir='ltr'>Christum,</span> <span class='ocrx_word' id='word_1_346' title='bbox 1845 1085 1978 1158; x_wconf 82' lang='lat' dir='ltr'>Filium</span> <span class='ocrx_word' id='word_1_347' title='bbox 1998 1084 2080 1176; x_wconf 84' lang='lat' dir='ltr'>Dei,</span> 
     </span>
    </p>
   </div>
   <div class='ocr_carea' id='block_1_25' title="bbox 1091 1181 2197 1288">
    <p class='ocr_par' dir='ltr' id='par_1_25' title="bbox 1091 1181 2197 1288">
     <span class='ocr_line' id='line_1_59' title="bbox 1091 1181 2197 1288; baseline 0.006 -32"><span class='ocrx_word' id='word_1_348' title='bbox 1091 1211 1175 1276; x_wconf 89' lang='lat' dir='ltr'>oro,</span> <span class='ocrx_word' id='word_1_349' title='bbox 1200 1201 1241 1260; x_wconf 90' lang='lat' dir='ltr'>ut</span> <span class='ocrx_word' id='word_1_350' title='bbox 1262 1191 1363 1260; x_wconf 88' lang='lat' dir='ltr'>vobis</span> <span class='ocrx_word' id='word_1_351' title='bbox 1386 1190 1543 1282; x_wconf 87' lang='lat' dir='ltr'>corporis</span> <span class='ocrx_word' id='word_1_352' title='bbox 1566 1202 1601 1260; x_wconf 91' lang='lat' dir='ltr'>et</span> <span class='ocrx_word' id='word_1_353' title='bbox 1621 1189 1760 1260; x_wconf 86' lang='lat' dir='ltr'>animae</span> <span class='ocrx_word' id='word_1_354' title='bbox 1777 1189 1869 1260; x_wconf 89' lang='lat' dir='ltr'>vires</span> <span class='ocrx_word' id='word_1_355' title='bbox 1885 1203 2010 1280; x_wconf 82' lang='lat' dir='ltr'>augeat</span> <span class='ocrx_word' id='word_1_356' title='bbox 2028 1181 2079 1284; x_wconf 62' lang='lat'>³).</span> <span class='ocrx_word' id='word_1_357' title='bbox 2113 1279 2120 1288; x_wconf 28' lang='lat'><strong><em>¹</em></strong></span> <span class='ocrx_word' id='word_1_358' title='bbox 2190 1219 2197 1228; x_wconf 95' lang='lat'>·</span> 
     </span>
    </p>
   </div>
   <div class='ocr_carea' id='block_1_26' title="bbox 1089 1285 2028 1516">
    <p class='ocr_par' dir='ltr' id='par_1_26' title="bbox 1089 1285 2028 1516">
     <span class='ocr_line' id='line_1_60' title="bbox 1089 1285 1664 1385; baseline 0.003 -25"><span class='ocrx_word' id='word_1_359' title='bbox 1089 1285 1202 1361; x_wconf 88' lang='lat' dir='ltr'>Datae</span> <span class='ocrx_word' id='word_1_360' title='bbox 1217 1290 1274 1361; x_wconf 91' lang='lat' dir='ltr'>die</span> <span class='ocrx_word' id='word_1_361' title='bbox 1290 1287 1458 1362; x_wconf 89' lang='lat' dir='ltr'>lobannis</span> <span class='ocrx_word' id='word_1_362' title='bbox 1475 1289 1664 1385; x_wconf 84' lang='lat' dir='ltr'>Baptistae.</span> 
     </span>
     <span class='ocr_line' id='line_1_61' title="bbox 1827 1418 2028 1516; baseline 0.01 -22"><span class='ocrx_word' id='word_1_363' title='bbox 1827 1418 2028 1516; x_wconf 82' lang='lat' dir='ltr'>Philippus.</span> 
     </span>
    </p>
   </div>
   <div class='ocr_carea' id='block_1_27' title="bbox 1951 1807 2065 1882">
    <p class='ocr_par' dir='ltr' id='par_1_27' title="bbox 1951 1807 2065 1882">
     <span class='ocr_line' id='line_1_62' title="bbox 1951 1807 2065 1882; baseline 0.035 -10"><span class='ocrx_word' id='word_1_364' title='bbox 1951 1821 1984 1882; x_wconf 85' lang='lat'>6.</span> <span class='ocrx_word' id='word_1_365' title='bbox 2006 1807 2065 1876; x_wconf 94' lang='lat' dir='ltr'>lul.</span> 
     </span>
    </p>
   </div>
   <div class='ocr_carea' id='block_1_28' title="bbox 1946 1900 2076 1928">
    <p class='ocr_par' dir='ltr' id='par_1_28' title="bbox 1946 1900 2076 1928">
     <span class='ocr_line' id='line_1_63' title="bbox 1946 1900 2076 1928; baseline -0.015 0"><span class='ocrx_word' id='word_1_366' title='bbox 1946 1900 2076 1928; x_wconf 56' lang='grc' dir='ltr'>Μ’</span> 
     </span>
    </p>
   </div>
   <div class='ocr_carea' id='block_1_29' title="bbox 1089 1807 1284 1889">
    <p class='ocr_par' dir='ltr' id='par_1_29' title="bbox 1089 1807 1284 1889">
     <span class='ocr_line' id='line_1_64' title="bbox 1089 1807 1284 1889; baseline 0.041 -8"><span class='ocrx_word' id='word_1_367' title='bbox 1089 1809 1155 1882; x_wconf 86' lang='grc' dir='ltr'>Νο.</span> <span class='ocrx_word' id='word_1_368' title='bbox 1170 1807 1284 1889; x_wconf 84' lang='grc'><strong>5811.</strong></span> 
     </span>
    </p>
   </div>
   <div class='ocr_carea' id='block_1_30' title="bbox 1096 1907 1265 1936">
    <p class='ocr_par' dir='ltr' id='par_1_30' title="bbox 1096 1907 1265 1936">
     <span class='ocr_line' id='line_1_65' title="bbox 1096 1907 1265 1936; baseline 0 0"><span class='ocrx_word' id='word_1_369' title='bbox 1096 1907 1265 1936; x_wconf 57' lang='grc' dir='ltr'>Μ</span> 
     </span>
    </p>
   </div>
   <div class='ocr_carea' id='block_1_31' title="bbox 1155 1995 1747 2248">
    <p class='ocr_par' dir='ltr' id='par_1_31' title="bbox 1155 1995 1747 2248">
     <span class='ocr_line' id='line_1_66' title="bbox 1411 1995 1747 2106; baseline -0.009 -24"><span class='ocrx_word' id='word_1_370' title='bbox 1411 1997 1466 2083; x_wconf 83' lang='grc' dir='ltr'>Ρ.</span> <span class='ocrx_word' id='word_1_371' title='bbox 1499 1997 1546 2082; x_wconf 85' lang='lat' dir='ltr'><em>V</em></span> <span class='ocrx_word' id='word_1_372' title='bbox 1540 1995 1747 2106; x_wconf 76' lang='lat' dir='ltr'>tarentin.</span> 
     </span>
     <span class='ocr_line' id='line_1_67' title="bbox 1155 2167 1736 2248; baseline -0.01 -19"><span class='ocrx_word' id='word_1_373' title='bbox 1155 2173 1178 2248; x_wconf 86' lang='lat'><em>†</em></span> <span class='ocrx_word' id='word_1_374' title='bbox 1195 2172 1233 2228; x_wconf 70' lang='lat' dir='ltr'>a:</span> <span class='ocrx_word' id='word_1_375' title='bbox 1246 2191 1341 2247; x_wconf 76' lang='lat' dir='ltr'>apogr.</span> <span class='ocrx_word' id='word_1_376' title='bbox 1357 2172 1386 2228; x_wconf 91' lang='lat' dir='ltr'>in</span> <span class='ocrx_word' id='word_1_377' title='bbox 1398 2173 1461 2232; x_wconf 84' lang='lat' dir='ltr'>eod.</span> <span class='ocrx_word' id='word_1_378' title='bbox 1473 2171 1558 2230; x_wconf 79' lang='lat' dir='ltr'>Paris.</span> <span class='ocrx_word' id='word_1_379' title='bbox 1579 2169 1619 2228; x_wconf 86' lang='lat' dir='ltr'>D·</span> <span class='ocrx_word' id='word_1_380' title='bbox 1630 2168 1663 2228; x_wconf 85' lang='lat'>1.</span> <span class='ocrx_word' id='word_1_381' title='bbox 1674 2167 1736 2224; x_wconf 70' lang='lat' dir='ltr'>w.</span> 
     </span>
    </p>
   </div>
   <div class='ocr_carea' id='block_1_32' title="bbox 1087 2325 2076 2516">
    <p class='ocr_par' dir='ltr' id='par_1_32' title="bbox 1087 2325 2076 2516">
     <span class='ocr_line' id='line_1_68' title="bbox 1087 2325 2076 2436; baseline -0.014 -20"><span class='ocrx_word' id='word_1_382' title='bbox 1087 2337 1227 2416; x_wconf 83' lang='lat' dir='ltr'>Petro</span> <span class='ocrx_word' id='word_1_383' title='bbox 1257 2339 1527 2427; x_wconf 86' lang='lat' dir='ltr'>Vincentio,</span> <span class='ocrx_word' id='word_1_384' title='bbox 1551 2333 1780 2436; x_wconf 78' lang='lat' dir='ltr'>gubernanti</span> <span class='ocrx_word' id='word_1_385' title='bbox 1798 2325 1925 2406; x_wconf 82' lang='lat' dir='ltr'>studia</span> <span class='ocrx_word' id='word_1_386' title='bbox 1947 2328 2076 2404; x_wconf 82' lang='lat' dir='ltr'>litern-</span> 
     </span>
     <span class='ocr_line' id='line_1_69' title="bbox 1372 2433 1794 2516; baseline 0 -2"><span class='ocrx_word' id='word_1_387' title='bbox 1372 2469 1452 2516; x_wconf 85' lang='lat' dir='ltr'>rum</span> <span class='ocrx_word' id='word_1_388' title='bbox 1470 2443 1510 2514; x_wconf 86' lang='lat' dir='ltr'>in</span> <span class='ocrx_word' id='word_1_389' title='bbox 1528 2440 1614 2513; x_wconf 83' lang='lat' dir='ltr'>urbe</span> <span class='ocrx_word' id='word_1_390' title='bbox 1630 2433 1794 2514; x_wconf 76' lang='lat' dir='ltr'>Latera.</span> 
     </span>
    </p>
   </div>
   <div class='ocr_carea' id='block_1_33' title="bbox 1087 2599 2192 3527">
    <p class='ocr_par' dir='ltr' id='par_1_33' title="bbox 1087 2599 2192 3527">
     <span class='ocr_line' id='line_1_70' title="bbox 1088 2599 2075 2692; baseline -0.023 0"><span class='ocrx_word' id='word_1_391' title='bbox 1088 2601 1137 2692; x_wconf 78' lang='lat' dir='ltr'>S·</span> <span class='ocrx_word' id='word_1_392' title='bbox 1164 2615 1208 2687; x_wconf 93' lang='lat' dir='ltr'>D.</span> <span class='ocrx_word' id='word_1_393' title='bbox 1245 2611 1449 2686; x_wconf 89' lang='lat' dir='ltr'>Clarissime</span> <span class='ocrx_word' id='word_1_394' title='bbox 1465 2611 1521 2682; x_wconf 86' lang='lat' dir='ltr'>vir</span> <span class='ocrx_word' id='word_1_395' title='bbox 1536 2625 1569 2680; x_wconf 90' lang='lat' dir='ltr'>et</span> <span class='ocrx_word' id='word_1_396' title='bbox 1584 2607 1702 2682; x_wconf 82' lang='lat' dir='ltr'>caries.</span> <span class='ocrx_word' id='word_1_397' title='bbox 1717 2607 1838 2678; x_wconf 87' lang='lat' dir='ltr'>frater.</span> <span class='ocrx_word' id='word_1_398' title='bbox 1873 2599 2075 2672; x_wconf 89' lang='lat' dir='ltr'>Multorum</span> 
     </span>
     <span class='ocr_line' id='line_1_71' title="bbox 1087 2703 2075 2799; baseline -0.019 -11"><span class='ocrx_word' id='word_1_399' title='bbox 1087 2717 1198 2788; x_wconf 87' lang='lat' dir='ltr'>literis</span> <span class='ocrx_word' id='word_1_400' title='bbox 1217 2717 1411 2787; x_wconf 90' lang='lat' dir='ltr'>celebratus</span> <span class='ocrx_word' id='word_1_401' title='bbox 1432 2727 1483 2784; x_wconf 89' lang='lat' dir='ltr'>est</span> <span class='ocrx_word' id='word_1_402' title='bbox 1507 2714 1587 2782; x_wconf 92' lang='lat' dir='ltr'>fons</span> <span class='ocrx_word' id='word_1_403' title='bbox 1613 2711 1716 2792; x_wconf 90' lang='lat' dir='ltr'>solis,</span> <span class='ocrx_word' id='word_1_404' title='bbox 1739 2709 1835 2778; x_wconf 90' lang='lat' dir='ltr'>unde</span> <span class='ocrx_word' id='word_1_405' title='bbox 1849 2703 1987 2799; x_wconf 86' lang='lat' dir='ltr'>Cyrene</span> <span class='ocrx_word' id='word_1_406' title='bbox 2007 2727 2075 2772; x_wconf 88' lang='grc' dir='ltr'>ιιο-</span> 
     </span>
     <span class='ocr_line' id='line_1_72' title="bbox 1088 2805 2075 2903; baseline -0.017 -13"><span class='ocrx_word' id='word_1_407' title='bbox 1088 2843 1171 2890; x_wconf 91' lang='lat' dir='ltr'>men</span> <span class='ocrx_word' id='word_1_408' title='bbox 1190 2813 1309 2891; x_wconf 89' lang='lat' dir='ltr'>habet.</span> <span class='ocrx_word' id='word_1_409' title='bbox 1360 2815 1451 2888; x_wconf 87' lang='lat' dir='ltr'>Nam</span> <span class='ocrx_word' id='word_1_410' title='bbox 1472 2839 1512 2885; x_wconf 89' lang='lat' dir='ltr'>ea</span> <span class='ocrx_word' id='word_1_411' title='bbox 1534 2837 1603 2884; x_wconf 80' lang='lat' dir='ltr'>vox</span> <span class='ocrx_word' id='word_1_412' title='bbox 1624 2807 1883 2903; x_wconf 88' lang='lat' dir='ltr'>simplicissime</span> <span class='ocrx_word' id='word_1_413' title='bbox 1904 2805 2075 2895; x_wconf 85' lang='lat' dir='ltr'>significat</span> 
     </span>
     <span class='ocr_line' id='line_1_73' title="bbox 1087 2907 2090 3006; baseline -0.021 -14"><span class='ocrx_word' id='word_1_414' title='bbox 1087 2923 1211 2992; x_wconf 89' lang='lat' dir='ltr'>urbem</span> <span class='ocrx_word' id='word_1_415' title='bbox 1227 2921 1347 2994; x_wconf 91' lang='lat' dir='ltr'>fontis.</span> <span class='ocrx_word' id='word_1_416' title='bbox 1381 2917 1449 2990; x_wconf 88' lang='lat' dir='ltr'>Sed</span> <span class='ocrx_word' id='word_1_417' title='bbox 1470 2939 1532 3006; x_wconf 88' lang='lat' dir='ltr'>ego</span> <span class='ocrx_word' id='word_1_418' title='bbox 1548 2930 1643 2986; x_wconf 90' lang='lat' dir='ltr'>tuam</span> <span class='ocrx_word' id='word_1_419' title='bbox 1660 2910 1919 2983; x_wconf 88' lang='lat' dir='ltr'>enarrationem</span> <span class='ocrx_word' id='word_1_420' title='bbox 1932 2907 2090 2998; x_wconf 91' lang='lat' dir='ltr'>plenam·</span> 
     </span>
     <span class='ocr_line' id='line_1_74' title="bbox 1087 3007 2075 3103; baseline -0.021 -9"><span class='ocrx_word' id='word_1_421' title='bbox 1087 3021 1300 3094; x_wconf 90' lang='lat' dir='ltr'>eruditionis</span> <span class='ocrx_word' id='word_1_422' title='bbox 1315 3023 1358 3090; x_wconf 91' lang='lat' dir='ltr'>de</span> <span class='ocrx_word' id='word_1_423' title='bbox 1372 3021 1469 3089; x_wconf 90' lang='lat' dir='ltr'>fonte</span> <span class='ocrx_word' id='word_1_424' title='bbox 1487 3015 1660 3088; x_wconf 75' lang='lat' dir='ltr'>Saronico</span> <span class='ocrx_word' id='word_1_425' title='bbox 1687 3013 1755 3103; x_wconf 87' lang='lat' dir='ltr'>legi</span> <span class='ocrx_word' id='word_1_426' title='bbox 1773 3009 1963 3089; x_wconf 86' lang='lat' dir='ltr'>libentius,</span> <span class='ocrx_word' id='word_1_427' title='bbox 1989 3007 2075 3076; x_wconf 89' lang='lat' dir='ltr'>tibi-</span> 
     </span>
     <span class='ocr_line' id='line_1_75' title="bbox 1087 3109 2074 3219; baseline -0.021 -24"><span class='ocrx_word' id='word_1_428' title='bbox 1087 3149 1155 3219; x_wconf 90' lang='lat' dir='ltr'>que</span> <span class='ocrx_word' id='word_1_429' title='bbox 1177 3123 1323 3214; x_wconf 84' lang='lat' dir='ltr'>gratiam</span> <span class='ocrx_word' id='word_1_430' title='bbox 1348 3117 1478 3203; x_wconf 86' lang='lat' dir='ltr'>habeo,</span> <span class='ocrx_word' id='word_1_431' title='bbox 1516 3119 1611 3213; x_wconf 89' lang='lat' dir='ltr'>quod</span> <span class='ocrx_word' id='word_1_432' title='bbox 1636 3115 1740 3186; x_wconf 90' lang='lat' dir='ltr'>nobis</span> <span class='ocrx_word' id='word_1_433' title='bbox 1771 3113 1869 3182; x_wconf 91' lang='lat' dir='ltr'>illam</span> <span class='ocrx_word' id='word_1_434' title='bbox 1901 3109 2074 3208; x_wconf 78' lang='lat' dir='ltr'>pagellam</span> 
     </span>
     <span class='ocr_line' id='line_1_76' title="bbox 1088 3207 2192 3318; baseline -0.018 -22"><span class='ocrx_word' id='word_1_435' title='bbox 1088 3225 1233 3311; x_wconf 86' lang='lat' dir='ltr'>misisti,</span> <span class='ocrx_word' id='word_1_436' title='bbox 1258 3249 1363 3318; x_wconf 91' lang='lat' dir='ltr'>quam</span> <span class='ocrx_word' id='word_1_437' title='bbox 1378 3238 1414 3294; x_wconf 87' lang='lat' dir='ltr'>et</span> <span class='ocrx_word' id='word_1_438' title='bbox 1429 3213 1647 3294; x_wconf 83' lang='lat' dir='ltr'>Camerario</span> <span class='ocrx_word' id='word_1_439' title='bbox 1664 3239 1780 3307; x_wconf 89' lang='lat' dir='ltr'>nuper</span> <span class='ocrx_word' id='word_1_440' title='bbox 1794 3211 1951 3306; x_wconf 90' lang='lat' dir='ltr'>promisi.</span> <span class='ocrx_word' id='word_1_441' title='bbox 2003 3207 2074 3280; x_wconf 85' lang='lat' dir='ltr'>Sed</span> <span class='ocrx_word' id='word_1_442' title='bbox 2189 3281 2192 3286; x_wconf 60' lang='grc'>,</span> 
     </span>
     <span class='ocr_line' id='line_1_77' title="bbox 1087 3309 2073 3418; baseline -0.022 -18"><span class='ocrx_word' id='word_1_443' title='bbox 1087 3323 1172 3400; x_wconf 88' lang='lat' dir='ltr'>haec</span> <span class='ocrx_word' id='word_1_444' title='bbox 1207 3320 1451 3418; x_wconf 91' lang='lat' dir='ltr'>philosophica</span> <span class='ocrx_word' id='word_1_445' title='bbox 1478 3345 1596 3393; x_wconf 92' lang='lat' dir='ltr'>coram</span> <span class='ocrx_word' id='word_1_446' title='bbox 1629 3317 1907 3411; x_wconf 87' lang='lat' dir='ltr'>disputabimus,</span> <span class='ocrx_word' id='word_1_447' title='bbox 1940 3327 1974 3384; x_wconf 91' lang='lat' dir='ltr'>et</span> <span class='ocrx_word' id='word_1_448' title='bbox 2005 3309 2073 3379; x_wconf 89' lang='lat' dir='ltr'>alia</span> 
     </span>
     <span class='ocr_line' id='line_1_78' title="bbox 1087 3413 2073 3527; baseline -0.022 -27"><span class='ocrx_word' id='word_1_449' title='bbox 1087 3427 1198 3520; x_wconf 89' lang='lat' dir='ltr'>magis</span> <span class='ocrx_word' id='word_1_450' title='bbox 1212 3420 1395 3527; x_wconf 76' lang='grc' dir='ltr'>ἀξιόλογα.</span> <span class='ocrx_word' id='word_1_451' title='bbox 1429 3423 1519 3496; x_wconf 90' lang='lat' dir='ltr'>Nam</span> <span class='ocrx_word' id='word_1_452' title='bbox 1535 3425 1582 3508; x_wconf 90' lang='lat' dir='ltr'>si,</span> <span class='ocrx_word' id='word_1_453' title='bbox 1607 3435 1737 3493; x_wconf 87' lang='lat' dir='ltr'>utnon</span> <span class='ocrx_word' id='word_1_454' title='bbox 1757 3419 1872 3488; x_wconf 90' lang='lat' dir='ltr'>solum</span> <span class='ocrx_word' id='word_1_455' title='bbox 1890 3413 2073 3502; x_wconf 87' lang='lat' dir='ltr'>Principes</span> 
     </span>
    </p>
   </div>
   <div class='ocr_carea' id='block_1_34' title="bbox 1087 3513 2118 3702">
    <p class='ocr_par' dir='ltr' id='par_1_34' title="bbox 1087 3513 2118 3702">
     <span class='ocr_line' id='line_1_79' title="bbox 1087 3513 2118 3622; baseline -0.02 -22"><span class='ocrx_word' id='word_1_456' title='bbox 1087 3531 1191 3602; x_wconf 90' lang='lat' dir='ltr'>multi</span> <span class='ocrx_word' id='word_1_457' title='bbox 1214 3543 1397 3622; x_wconf 84' lang='lat' dir='ltr'>expetunt,</span> <span class='ocrx_word' id='word_1_458' title='bbox 1426 3525 1614 3598; x_wconf 90' lang='lat' dir='ltr'>sedetiam</span> <span class='ocrx_word' id='word_1_459' title='bbox 1637 3523 1712 3614; x_wconf 88' lang='lat' dir='ltr'>ipsa</span> <span class='ocrx_word' id='word_1_460' title='bbox 1728 3517 1886 3590; x_wconf 82' lang='lat' dir='ltr'>Ecclesia</span> <span class='ocrx_word' id='word_1_461' title='bbox 1907 3513 2073 3606; x_wconf 87' lang='lat' dir='ltr'>postulat,</span> <span class='ocrx_word' id='word_1_462' title='bbox 2115 3551 2118 3558; x_wconf 72' lang='lat'>,</span> 
     </span>
     <span class='ocr_line' id='line_1_80' title="bbox 1087 3615 2071 3702; baseline -0.021 0"><span class='ocrx_word' id='word_1_463' title='bbox 1087 3633 1291 3702; x_wconf 88' lang='lat' dir='ltr'>instituetur</span> <span class='ocrx_word' id='word_1_464' title='bbox 1317 3629 1520 3700; x_wconf 83' lang='lat' dir='ltr'>docentium</span> <span class='ocrx_word' id='word_1_465' title='bbox 1549 3627 1588 3694; x_wconf 94' lang='lat' dir='ltr'>in</span> <span class='ocrx_word' id='word_1_466' title='bbox 1610 3622 1740 3692; x_wconf 88' lang='lat' dir='ltr'>nostris</span> <span class='ocrx_word' id='word_1_467' title='bbox 1763 3615 1930 3690; x_wconf 80' lang='lat' dir='ltr'>Ecclesiis</span> <span class='ocrx_word' id='word_1_468' title='bbox 1959 3615 2071 3690; x_wconf 88' lang='lat' dir='ltr'>collo-</span> 
     </span>
    </p>
   </div>
   <div class='ocr_carea' id='block_1_35' title="bbox 1085 3717 2120 4338">
    <p class='ocr_par' dir='ltr' id='par_1_35' title="bbox 1085 3717 2120 4338">
     <span class='ocr_line' id='line_1_81' title="bbox 1087 3717 2120 3829; baseline -0.022 -24"><span class='ocrx_word' id='word_1_469' title='bbox 1087 3733 1230 3829; x_wconf 86' lang='lat' dir='ltr'>quium,</span> <span class='ocrx_word' id='word_1_470' title='bbox 1261 3745 1295 3802; x_wconf 91' lang='lat' dir='ltr'>te</span> <span class='ocrx_word' id='word_1_471' title='bbox 1316 3731 1463 3800; x_wconf 90' lang='lat' dir='ltr'>omnino</span> <span class='ocrx_word' id='word_1_472' title='bbox 1487 3731 1606 3798; x_wconf 85' lang='lat' dir='ltr'>adesse</span> <span class='ocrx_word' id='word_1_473' title='bbox 1630 3723 1795 3815; x_wconf 85' lang='lat' dir='ltr'>optarim.</span> <span class='ocrx_word' id='word_1_474' title='bbox 1845 3718 2009 3790; x_wconf 90' lang='lat' dir='ltr'>Profecto</span> <span class='ocrx_word' id='word_1_475' title='bbox 2028 3717 2073 3784; x_wconf 85' lang='lat' dir='ltr'>de</span> <span class='ocrx_word' id='word_1_476' title='bbox 2113 3718 2120 3729; x_wconf 82' lang='grc'><strong>“</strong></span> 
     </span>
     <span class='ocr_line' id='line_1_82' title="bbox 1086 3821 2070 3926; baseline -0.022 -20"><span class='ocrx_word' id='word_1_477' title='bbox 1086 3834 1302 3926; x_wconf 87' lang='lat' dir='ltr'>gravissimis</span> <span class='ocrx_word' id='word_1_478' title='bbox 1322 3831 1477 3902; x_wconf 69' lang='lat' dir='ltr'>curatoriis</span> <span class='ocrx_word' id='word_1_479' title='bbox 1498 3827 1726 3900; x_wconf 90' lang='lat' dir='ltr'>sciscitandae</span> <span class='ocrx_word' id='word_1_480' title='bbox 1750 3835 1855 3893; x_wconf 87' lang='lat' dir='ltr'>erunt</span> <span class='ocrx_word' id='word_1_481' title='bbox 1875 3821 2015 3913; x_wconf 88' lang='lat' dir='ltr'>piorum</span> <span class='ocrx_word' id='word_1_482' title='bbox 2037 3833 2070 3884; x_wconf 86' lang='lat' dir='ltr'>et</span> 
     </span>
     <span class='ocr_line' id='line_1_83' title="bbox 1086 3923 2071 4008; baseline -0.022 0"><span class='ocrx_word' id='word_1_483' title='bbox 1086 3942 1271 4008; x_wconf 90' lang='lat' dir='ltr'>doctorum</span> <span class='ocrx_word' id='word_1_484' title='bbox 1292 3932 1498 4005; x_wconf 83' lang='lat' dir='ltr'>sententiae.</span> <span class='ocrx_word' id='word_1_485' title='bbox 1547 3927 1600 4000; x_wconf 87' lang='lat' dir='ltr'>Ac</span> <span class='ocrx_word' id='word_1_486' title='bbox 1614 3941 1711 3998; x_wconf 87' lang='lat' dir='ltr'>tuam</span> <span class='ocrx_word' id='word_1_487' title='bbox 1729 3947 1850 3994; x_wconf 90' lang='lat' dir='ltr'>vocem</span> <span class='ocrx_word' id='word_1_488' title='bbox 1867 3923 1905 3990; x_wconf 91' lang='lat' dir='ltr'>in</span> <span class='ocrx_word' id='word_1_489' title='bbox 1922 3945 1964 3990; x_wconf 90' lang='lat' dir='ltr'>eo</span> <span class='ocrx_word' id='word_1_490' title='bbox 1985 3943 2071 3988; x_wconf 89' lang='lat' dir='ltr'>con-</span> 
     </span>
     <span class='ocr_line' id='line_1_84' title="bbox 1086 4019 2071 4132; baseline -0.021 -25"><span class='ocrx_word' id='word_1_491' title='bbox 1086 4062 1205 4132; x_wconf 87' lang='lat' dir='ltr'>gressu</span> <span class='ocrx_word' id='word_1_492' title='bbox 1222 4032 1397 4106; x_wconf 82' lang='lat' dir='ltr'>Ecclesiae</span> <span class='ocrx_word' id='word_1_493' title='bbox 1413 4034 1634 4128; x_wconf 88' lang='lat' dir='ltr'>profuturam</span> <span class='ocrx_word' id='word_1_494' title='bbox 1651 4051 1723 4099; x_wconf 84' lang='lat' dir='ltr'>esse</span> <span class='ocrx_word' id='word_1_495' title='bbox 1738 4049 1853 4118; x_wconf 87' lang='lat' dir='ltr'>spero.</span> <span class='ocrx_word' id='word_1_496' title='bbox 1903 4021 1958 4092; x_wconf 92' lang='lat' dir='ltr'>lbi</span> <span class='ocrx_word' id='word_1_497' title='bbox 1975 4019 2071 4089; x_wconf 88' lang='lat' dir='ltr'>enim</span> 
     </span>
     <span class='ocr_line' id='line_1_85' title="bbox 1085 4114 2070 4223; baseline -0.021 -13"><span class='ocrx_word' id='word_1_498' title='bbox 1085 4165 1160 4210; x_wconf 89' lang='grc' dir='ltr'>ιιοιι</span> <span class='ocrx_word' id='word_1_499' title='bbox 1175 4138 1386 4208; x_wconf 89' lang='lat' dir='ltr'>iudicandae</span> <span class='ocrx_word' id='word_1_500' title='bbox 1403 4147 1510 4206; x_wconf 88' lang='lat' dir='ltr'>erunt</span> <span class='ocrx_word' id='word_1_501' title='bbox 1523 4157 1579 4204; x_wconf 92' lang='lat' dir='ltr'>res</span> <span class='ocrx_word' id='word_1_502' title='bbox 1599 4134 1745 4203; x_wconf 76' lang='grc' dir='ltr'><em>πολλῶν</em></span> <span class='ocrx_word' id='word_1_503' title='bbox 1758 4119 1896 4223; x_wconf 78' lang='grc' dir='ltr'><em>Ψόφῳ,</em></span> <span class='ocrx_word' id='word_1_504' title='bbox 1921 4123 1980 4194; x_wconf 89' lang='lat' dir='ltr'>sed</span> <span class='ocrx_word' id='word_1_505' title='bbox 1996 4114 2070 4216; x_wconf 80' lang='grc' dir='ltr'>ψή-</span> 
     </span>
     <span class='ocr_line' id='line_1_86' title="bbox 1086 4223 2069 4338; baseline -0.025 -23"><span class='ocrx_word' id='word_1_506' title='bbox 1086 4267 1171 4338; x_wconf 81' lang='grc' dir='ltr'>φοις</span> <span class='ocrx_word' id='word_1_507' title='bbox 1183 4243 1261 4314; x_wconf 84' lang='grc' dir='ltr'>τῶν</span> <span class='ocrx_word' id='word_1_508' title='bbox 1274 4236 1441 4332; x_wconf 78' lang='grc' dir='ltr'><em>εὐσεβῶν</em></span> <span class='ocrx_word' id='word_1_509' title='bbox 1454 4233 1517 4308; x_wconf 83' lang='grc' dir='ltr'>καὶ</span> <span class='ocrx_word' id='word_1_510' title='bbox 1533 4235 1710 4308; x_wconf 79' lang='grc' dir='ltr'>συνετῶν.</span> <span class='ocrx_word' id='word_1_511' title='bbox 1763 4229 1873 4318; x_wconf 87' lang='lat' dir='ltr'>Spero</span> <span class='ocrx_word' id='word_1_512' title='bbox 1898 4223 1950 4295; x_wconf 93' lang='lat' dir='ltr'>tui</span> <span class='ocrx_word' id='word_1_513' title='bbox 1966 4246 2069 4293; x_wconf 87' lang='lat' dir='ltr'>usum</span> 
     </span>
    </p>
   </div>
   <div class='ocr_carea' id='block_1_36' title="bbox 1084 4324 2192 4432">
    <p class='ocr_par' dir='ltr' id='par_1_36' title="bbox 1084 4324 2192 4432">
     <span class='ocr_line' id='line_1_87' title="bbox 1084 4324 2192 4432; baseline -0.027 -18"><span class='ocrx_word' id='word_1_514' title='bbox 1084 4345 1124 4414; x_wconf 91' lang='lat' dir='ltr'>in</span> <span class='ocrx_word' id='word_1_515' title='bbox 1148 4338 1204 4412; x_wconf 90' lang='lat' dir='ltr'>his</span> <span class='ocrx_word' id='word_1_516' title='bbox 1226 4341 1431 4432; x_wconf 86' lang='lat' dir='ltr'>regionibus</span> <span class='ocrx_word' id='word_1_517' title='bbox 1451 4341 1542 4421; x_wconf 90' lang='lat' dir='ltr'>lore,</span> <span class='ocrx_word' id='word_1_518' title='bbox 1570 4335 1599 4404; x_wconf 91' lang='lat' dir='ltr'>si</span> <span class='ocrx_word' id='word_1_519' title='bbox 1624 4333 1807 4402; x_wconf 75' lang='lat' dir='ltr'>scribiscum</span> <span class='ocrx_word' id='word_1_520' title='bbox 1823 4328 1942 4396; x_wconf 87' lang='lat' dir='ltr'>vivere</span> <span class='ocrx_word' id='word_1_521' title='bbox 1961 4324 2070 4395; x_wconf 87' lang='lat' dir='ltr'>voles.</span> <span class='ocrx_word' id='word_1_522' title='bbox 2183 4363 2192 4384; x_wconf 91' lang='lat'>.</span> 
     </span>
    </p>
   </div>
   <div class='ocr_carea' id='block_1_37' title="bbox 1082 4427 2070 4618">
    <p class='ocr_par' dir='ltr' id='par_1_37' title="bbox 1082 4427 2070 4618">
     <span class='ocr_line' id='line_1_88' title="bbox 1083 4427 2070 4525; baseline -0.025 -9"><span class='ocrx_word' id='word_1_523' title='bbox 1083 4443 1186 4516; x_wconf 90' lang='lat' dir='ltr'>Certe</span> <span class='ocrx_word' id='word_1_524' title='bbox 1209 4442 1499 4512; x_wconf 88' lang='lat' dir='ltr'>consuetudinem</span> <span class='ocrx_word' id='word_1_525' title='bbox 1531 4449 1687 4506; x_wconf 88' lang='lat' dir='ltr'>nostram</span> <span class='ocrx_word' id='word_1_526' title='bbox 1711 4433 1852 4525; x_wconf 90' lang='lat' dir='ltr'>utrique</span> <span class='ocrx_word' id='word_1_527' title='bbox 1879 4427 2070 4499; x_wconf 88' lang='lat' dir='ltr'>iucundam</span> 
     </span>
     <span class='ocr_line' id='line_1_89' title="bbox 1082 4525 2069 4618; baseline -0.02 0"><span class='ocrx_word' id='word_1_528' title='bbox 1082 4547 1158 4618; x_wconf 91' lang='lat' dir='ltr'>fore</span> <span class='ocrx_word' id='word_1_529' title='bbox 1173 4545 1340 4618; x_wconf 88' lang='lat' dir='ltr'>arbitror.</span> <span class='ocrx_word' id='word_1_530' title='bbox 1391 4539 1488 4611; x_wconf 89' lang='lat' dir='ltr'>Bene</span> <span class='ocrx_word' id='word_1_531' title='bbox 1502 4553 1538 4611; x_wconf 86' lang='lat' dir='ltr'>et</span> <span class='ocrx_word' id='word_1_532' title='bbox 1551 4537 1702 4610; x_wconf 84' lang='lat' dir='ltr'>feliciter</span> <span class='ocrx_word' id='word_1_533' title='bbox 1717 4532 1806 4608; x_wconf 85' lang='lat' dir='ltr'>vale.</span> <span class='ocrx_word' id='word_1_534' title='bbox 1846 4529 1914 4602; x_wconf 89' lang='lat' dir='ltr'>Die</span> <span class='ocrx_word' id='word_1_535' title='bbox 1931 4529 1965 4602; x_wconf 88' lang='grc'>6.</span> <span class='ocrx_word' id='word_1_536' title='bbox 1976 4525 2069 4598; x_wconf 83' lang='grc' dir='ltr'>ΙιιΙὶἱ.</span> 
     </span>
    </p>
   </div>
   <div class='ocr_carea' id='block_1_38' title="bbox 1818 4663 2018 4757">
    <p class='ocr_par' dir='ltr' id='par_1_38' title="bbox 1818 4663 2018 4757">
     <span class='ocr_line' id='line_1_90' title="bbox 1818 4663 2018 4757; baseline -0.01 -19"><span class='ocrx_word' id='word_1_537' title='bbox 1818 4663 2018 4757; x_wconf 89' lang='lat' dir='ltr'>Philippus.</span> 
     </span>
    </p>
   </div>
   <div class='ocr_carea' id='block_1_39' title="bbox 1182 4835 2070 5038">
    <p class='ocr_par' dir='ltr' id='par_1_39' title="bbox 1182 4835 2070 5038">
     <span class='ocr_line' id='line_1_91' title="bbox 1182 4835 2070 4944; baseline -0.023 -29"><span class='ocrx_word' id='word_1_538' title='bbox 1182 4839 1321 4916; x_wconf 84' lang='lat' dir='ltr'>Bocero</span> <span class='ocrx_word' id='word_1_539' title='bbox 1337 4841 1389 4944; x_wconf 75' lang='lat' dir='ltr'>(l)</span> <span class='ocrx_word' id='word_1_540' title='bbox 1410 4845 1557 4914; x_wconf 87' lang='lat' dir='ltr'>salutem</span> <span class='ocrx_word' id='word_1_541' title='bbox 1581 4855 1685 4929; x_wconf 87' lang='lat' dir='ltr'>opto,</span> <span class='ocrx_word' id='word_1_542' title='bbox 1712 4837 1795 4908; x_wconf 82' lang='lat' dir='ltr'>etei</span> <span class='ocrx_word' id='word_1_543' title='bbox 1818 4859 1884 4927; x_wconf 91' lang='lat' dir='ltr'>pro</span> <span class='ocrx_word' id='word_1_544' title='bbox 1911 4835 2070 4923; x_wconf 67' lang='lat' dir='ltr'>poemate</span> 
     </span>
     <span class='ocr_line' id='line_1_92' title="bbox 1183 4935 2067 5038; baseline -0.025 -20"><span class='ocrx_word' id='word_1_545' title='bbox 1183 4950 1315 5018; x_wconf 88' lang='lat' dir='ltr'>donato</span> <span class='ocrx_word' id='word_1_546' title='bbox 1331 4948 1460 5038; x_wconf 84' lang='lat' dir='ltr'>gratias</span> <span class='ocrx_word' id='word_1_547' title='bbox 1473 4969 1550 5038; x_wconf 87' lang='lat' dir='ltr'>ago.</span> <span class='ocrx_word' id='word_1_548' title='bbox 1588 4939 1692 5014; x_wconf 88' lang='lat' dir='ltr'>Nunc</span> <span class='ocrx_word' id='word_1_549' title='bbox 1709 4940 1811 5031; x_wconf 90' lang='lat' dir='ltr'>plura</span> <span class='ocrx_word' id='word_1_550' title='bbox 1825 4935 1978 5006; x_wconf 86' lang='lat' dir='ltr'>scribere</span> <span class='ocrx_word' id='word_1_551' title='bbox 1993 4953 2067 4998; x_wconf 87' lang='grc' dir='ltr'>ιιοιι</span> 
     </span>
    </p>
   </div>
   <div class='ocr_carea' id='block_1_40' title="bbox 1183 5050 1296 5144">
    <p class='ocr_par' dir='ltr' id='par_1_40' title="bbox 1183 5050 1296 5144">
     <span class='ocr_line' id='line_1_93' title="bbox 1183 5050 1296 5144; baseline 0.027 -23"><span class='ocrx_word' id='word_1_552' title='bbox 1183 5050 1296 5144; x_wconf 87' lang='lat' dir='ltr'>potui.</span> 
     </span>
    </p>
   </div>
   <div class='ocr_carea' id='block_1_41' title="bbox 1080 5241 1306 5256">
    <p class='ocr_par' dir='ltr' id='par_1_41' title="bbox 1080 5241 1306 5256">
     <span class='ocr_line' id='line_1_94' title="bbox 1080 5241 1306 5256; baseline -0.009 0"><span class='ocrx_word' id='word_1_553' title='bbox 1080 5241 1306 5256; x_wconf 51' lang='grc' dir='ltr'><strong><em>Μ</em></strong></span> 
     </span>
    </p>
   </div>
   <div class='ocr_carea' id='block_1_42' title="bbox 1113 5342 2070 5440">
    <p class='ocr_par' dir='ltr' id='par_1_42' title="bbox 1113 5342 2070 5440">
     <span class='ocr_line' id='line_1_95' title="bbox 1113 5342 2070 5440; baseline -0.023 -20"><span class='ocrx_word' id='word_1_554' title='bbox 1113 5359 1143 5434; x_wconf 70' lang='lat' dir='ltr'>*l</span> <span class='ocrx_word' id='word_1_555' title='bbox 1161 5361 1204 5418; x_wconf 84' lang='lat' dir='ltr'>De</span> <span class='ocrx_word' id='word_1_556' title='bbox 1222 5351 1499 5436; x_wconf 30' lang='lat' dir='ltr'>adversasrsletudioe</span> <span class='ocrx_word' id='word_1_557' title='bbox 1514 5347 1698 5440; x_wconf 82' lang='lat' dir='ltr'>Meienburgii</span> <span class='ocrx_word' id='word_1_558' title='bbox 1719 5347 1771 5404; x_wconf 76' lang='lat' dir='ltr'>rid.</span> <span class='ocrx_word' id='word_1_559' title='bbox 1789 5365 1831 5420; x_wconf 82' lang='lat' dir='ltr'>ep.</span> <span class='ocrx_word' id='word_1_560' title='bbox 1851 5345 1878 5402; x_wconf 83' lang='lat' dir='ltr'>d.</span> <span class='ocrx_word' id='word_1_561' title='bbox 1893 5343 1989 5408; x_wconf 74' lang='grc' dir='ltr'>Μιιιι.</span> <span class='ocrx_word' id='word_1_562' title='bbox 2004 5342 2070 5404; x_wconf 64' lang='lat' dir='ltr'>hs.</span> 
     </span>
    </p>
   </div>
   <div class='ocr_carea' id='block_1_43' title="bbox 0 0 2346 5816">
    <p class='ocr_par' dir='ltr' id='par_1_43' title="bbox 0 0 2346 5816">
     <span class='ocr_line' id='line_1_96' title="bbox 0 0 2346 5816; baseline 0 0"><span class='ocrx_word' id='word_1_563' title='bbox 0 0 2346 5816; x_wconf 95' lang='lat' dir='ltr'> </span> 
     </span>
    </p>
   </div>
  </div>
 </body>
</html>
