4712 5828
240 247 316 320 211

244 418 292 486 ob
312 435 451 486 causam
477 425 513 484 et
545 411 729 484 doctrinae
761 409 879 482 studia
911 405 1108 478 necessaria
1136 413 1232 476 sunt.

246 518 346 608 Quae
361 541 440 586 cum
459 529 573 585 servet
585 515 680 584 filius
695 511 764 584 Dei
779 513 817 581 in
833 509 889 582 his
906 509 1129 602 regionibus,
1150 529 1231 574 vera

246 618 464 710 gratitudine
487 641 568 686 eum
585 617 821 700 celebremus,
849 635 1000 706 eumque
1015 631 1168 694 orenrus,
1192 618 1234 676 ut

246 721 412 811 deinceps
425 715 601 790 Ecclesiae
617 713 744 786 harum
761 717 946 804 regionum
968 727 1002 784 et
1023 735 1144 782 earum
1166 702 1235 777 bu-

245 822 350 914 spitia
373 834 490 891 servet
508 835 542 890 et
563 821 745 910 gubernet.
796 817 887 888 Cum
910 829 1026 886 autem
1052 813 1233 884 iuniorum

248 1050 288 1094 ac
304 1021 452 1114 singulis
471 1012 777 1119 huncCuspurem
788 1011 1084 1114 Iungermon'),
1110 1029 1234 1084 natum

249 1127 287 1194 in
303 1125 437 1194 familia
463 1121 607 1194 honesta
629 1123 729 1194 urbis
744 1123 945 1203 Servestae,
971 1116 1062 1188 mihi
1083 1117 1237 1188 familia-

248 1228 336 1296 riter
359 1240 494 1297 notum.
560 1223 672 1296 Cuius
695 1239 822 1295 natura
847 1237 898 1294 est
929 1237 964 1294 et
984 1219 1146 1292 omnium
1170 1221 1237 1288 du-

250 1329 443 1398 ctrinarum
466 1327 568 1396 avida
591 1343 626 1400 et
646 1352 771 1418 capax,
796 1341 830 1396 et
852 1329 896 1396 ad
915 1325 1081 1394 virtutem
1098 1323 1237 1392 idonea.

250 1426 298 1500 Et
315 1429 467 1500 eruditio
486 1429 682 1522 exscriptis
700 1429 775 1498 eius
790 1429 942 1498 iudicari
968 1437 1099 1517 potest:
1126 1421 1238 1492 edidit

251 1531 346 1600 enim
362 1533 523 1622 pu’e’mata
543 1531 587 1600 de
606 1531 710 1602 castis
733 1531 867 1620 angelis
891 1545 926 1600 et
946 1527 1015 1598 alia
1038 1539 1130 1596 recte
1151 1523 1238 1594 scri-

151 1714 154 1729 1
252 1647 329 1724 pta,
369 1645 515 1724 propter
539 1645 690 1748 quaeqt
723 1631 985 1702 illustrissimus
1018 1643 1052 1700 et
1084 1627 1239 1720 optimus

253 1735 415 1826 princeps
431 1727 615 1826 Georgius
631 1757 794 1824 princeps
816 1735 855 1802 in
873 1727 1010 1802 Anlralt
1036 1745 1070 1800 et
1086 1725 1238 1798 Ascania

253 1851 318 1908 etc.
345 1836 530 1926 ingenium
551 1835 627 1904 eius
644 1836 807 1926 probavit
827 1849 860 1904 et
883 1831 1166 1904 benevolentiam
1184 1851 1240 1898 er-

252 1959 391 2027 gaeum
413 1959 514 2006 suam
537 1937 738 2010 declaravit.
789 1935 880 2008 Cum
904 1951 1020 2006 autem
1047 1934 1084 2002 in
1105 1929 1239 2002 Acade-

250 2037 320 2106 rnia
332 2037 603 2128 Witebergensi
617 2027 1073 2135 hicCuspurIungermun
1089 2031 1241 2123 amplius

252 2139 398 2210 biennio
414 2134 561 2209 honeste
577 2139 706 2212 vixerit
722 2156 756 2212 et
771 2141 923 2211 audierit
939 2137 1151 2232 professores
1163 2135 1241 2204 Do-

253 2242 385 2312 ctrinae
408 2233 654 2326 Christianae,
682 2239 769 2312 ltem
795 2237 964 2336 Physicae
981 2233 1240 2308 Mathematum

212 2427 219 2444 .
252 2355 287 2412 et
305 2341 523 2436 reliquarum
549 2343 704 2434 partium
726 2339 1000 2436 Philosophiae,
1031 2337 1080 2412 Et
1102 2336 1241 2430 scriptis

161 2489 165 2496 ·
250 2443 446 2514 ostenderit
466 2445 667 2514 studiorum
688 2447 882 2536 specimen:
935 2441 1095 2532 Quaeso,
1119 2455 1159 2510 ut
1178 2461 1241 2508 vos

250 2569 391 2640 quoquc
407 2545 446 2614 in
465 2559 579 2615 vestra
594 2542 785 2616 Academia
801 2571 882 2617 eum
896 2541 1179 2636 complectamini
1208 2552 1242 2608 et

249 2645 450 2736 Magisterii
463 2646 568 2718 titulo
587 2649 734 2720 ornetis.
786 2647 867 2736 Qua
883 2647 922 2714 in
941 2669 979 2714 re
1002 2669 1103 2738 spero
1120 2641 1240 2733 publi-

251 2749 301 2818 cis
317 2747 444 2818 studiis
462 2749 687 2838 profuturum
705 2763 860 2820 vestrum
877 2747 1047 2820 officium.
1097 2743 1146 2815 Et
1167 2767 1243 2826 uro,

250 2871 290 2920 ut
316 2849 443 2940 optimi
467 2849 638 2940 principis
659 2843 815 2944 Georgii
837 2843 1044 2918 Antaltini
1071 2845 1241 2916 memoria

249 2946 335 3020 hnic
351 2942 519 3046 Cuspuri
534 2951 655 3040 prosit.
709 2951 787 3022 Oro
811 2965 928 3021 autem
953 2951 1067 3021 lilium
1081 2947 1148 3019 Dei
1167 2943 1243 3018 Du·

251 3053 389 3122 minum
406 3067 567 3123 nostnrm
588 3051 700 3124 iesum
720 3051 935 3139 Christum,
948 3067 989 3124 ut
1002 3064 1161 3142 protegat
1179 3045 1243 3117 ha-

250 3178 331 3223 rum
353 3154 536 3242 regionum
560 3151 733 3226 Ecclesiae
758 3171 792 3226 et
812 3157 941 3230 studia.
1000 3152 1097 3224 Bene
1120 3151 1242 3222 valete.

251 3253 361 3328 Anno
379 3251 489 3327 1554.
504 3256 563 3324 die
580 3253 617 3332 4.
635 3254 803 3327 ianuarii.

897 3351 993 3432 Phil.
1014 3349 1191 3426 Melanth.

753 3579 1236 3596 *mm

250 3736 315 3808 No.
332 3735 445 3810 5526.

234 3847 241 3862 ι
265 3832 435 3861 Μ

1100 3751 1136 3814 4.
1154 3742 1218 3807 lan.

1063 3833 1234 3865 m

631 3935 877 4052 (Apocisu.)

318 4095 430 4166 Apocha
442 4097 510 4153 Met.
524 4117 546 4153 s.
561 4095 705 4160 schedula,
724 4115 776 4168 qua
790 4105 905 4150 testatur
923 4118 952 4152 se
966 4099 1102 4166 recepisse
1116 4099 1169 4154 400
1187 4099 1241 4154 ilu-

350 4184 431 4218 renoa
450 4167 564 4226 nuntiae
582 4169 669 4226 dead.
682 4164 807 4219 Witteb.
832 4165 858 4218 d.
879 4169 904 4220 4.
922 4167 976 4220 ian.
996 4167 1069 4224 1551.
1089 4171 1239 4224 sectandum

350 4237 386 4286 de
399 4233 483 4288 Murr
505 4235 570 4292 hihi.
586 4233 719 4288 Dillherr.
733 4235 751 4292 Ι.
772 4253 797 4303 p.
822 4234 930 4289 210.tn
951 4235 1112 4290 bibliotheca
1133 4237 1238 4290 Norin-

351 4301 619 4370 bergenaihabetur,
644 4302 691 4358 aed
715 4305 757 4359 Cl.
771 4303 910 4372 Rmrner,
935 4302 992 4356 eiua
1013 4304 1138 4360 biblioth.
1162 4323 1241 4376 prae·

351 4367 455 4452 fectus,
473 4381 605 4454 quenqut
625 4391 683 4428 eam
702 4373 872 4430 describeret
887 4389 1064 4446 rogaveram,
1084 4390 1144 4428 eam
1161 4393 1239 4445 repe·

352 4455 407 4494 rrre
420 4457 478 4492 uun
491 4449 591 4511 potuit.

249 4773 448 4903 Q.

1112 4797 1146 4856 6.
1172 4785 1239 4856 lau.

1098 4877 1236 4907 Μ

306 4995 639 5084 Testimonium
667 4992 724 5080 dc
754 4993 945 5082 Niculuo
973 4996 1189 5116 Birpero.

348 5153 426 5226 †Ea
446 5169 540 5226 apogr.
559 5151 587 5205 in
605 5151 667 5206 cod.
687 5151 774 5208 Paris.
792 5155 829 5209 D.
848 5153 880 5209 1..
897 5155 956 5215 511.

243 5308 457 5328 m

276 5399 309 5468 s)
324 5393 385 5455 flio.
396 5397 538 5468 langeron.
554 5403 648 5469 postea
660 5394 751 5452 factm
768 5407 809 5451 est
823 5397 973 5454 Camerarii
986 5415 1078 5472 gener.
1113 5398 1147 5458 fi.
1162 5399 1200 5462 K.

829 227 1264 314 EPlSTOLARUM
1326 225 1434 306 utu.
1459 223 1542 302 xtt.
1572 221 1704 304 1⁶54.

2079 199 2098 214 ‘
2200 219 2342 294 212³

1283 393 1554 472 Testimonium
1585 391 1776 494 pubiicum
1806 387 1850 466 Ν
1859 387 2008 464 ieofui
2031 388 2189 480 Suari,
2220 391 2274 464 rui

1575 503 1773 594 amputato
1798 491 1986 591 monus.¹)

1284 635 1377 720 Non
1400 646 1550 718 dubium
1575 657 1627 716 est
1649 645 1822 736 singulari
1838 641 1906 714 Dei
1926 643 2075 713 consiliu
2092 643 2272 714 distinctos

1286 775 1359 820 esse
1378 746 1566 820 hominum
1584 751 1732 838 gradus,
1760 759 1794 818 et
1814 771 1895 816 cum
1912 747 2125 818 nobiliatem
2143 747 2273 838 praefe-

247 923 364 994 studia
388 923 544 992 iuvanda
564 921 652 1002 sint,
688 922 896 990 commendo
919 918 1023 986 vobis
1049 913 1235 987 Universis
1287 853 1375 974 ferit
1401 851 1498 922 Deus
1520 850 1769 934 inferioribus’
1797 862 1909 919 amm
1928 849 2034 918 etiam
2058 847 2274 940 ipoemuhm
2343 904 2344 928 .

1288 981 1325 1024 ιιι
1350 979 1391 1024 eo
1416 955 1527 1044 gradu
1550 952 1686 1022 viribus
1709 951 1848 1042 ingenii
1870 949 2087 1035 maioribus,
2111 963 2157 1020 ut
2179 951 2276 1022 faciat

1288 1083 1348 1126 eos
1379 1057 1548 1124 salutares
1577 1055 1840 1143 gubernatores.
1899 1049 1990 1122 Nam
2016 1053 2076 1120 illa
2102 1075 2180 1122 nou
2207 1053 2276 1120 sine

1289 1183 1391 1228 causa
1410 1157 1540 1248 scripta
1564 1169 1647 1226 sunt
1671 1181 1690 1226 a
1716 1153 1865 1224 Platone
1885 1165 1920 1223 et
1946 1147 2204 1244 Xenophonte:
2238 1167 2276 1224 nt

1288 1274 1423 1330 caetera
1449 1259 1643 1328 animantia
1666 1282 1740 1326 non
1765 1269 1911 1348 possunt
1926 1255 1996 1324 nisi
2011 1257 2055 1324 ab
2070 1251 2277 1326 hominibus

1290 1362 1383 1452 regi,
1415 1361 1462 1430 ita
1495 1357 1658 1430 homines
1685 1383 1758 1428 non
1789 1371 1881 1430 recte
1912 1356 2128 1446 gubernari,
2167 1359 2234 1426 nisi
2260 1381 2278 1426 a

1290 1464 1543 1558 praestantiore
1560 1476 1709 1548 natura,
1732 1459 1899 1529 videlicet
1917 1454 2071 1533 heroica.
2113 1457 2204 1530 t'ulr
2220 1485 2278 1529 au-

1290 1581 1361 1636 tem
1377 1565 1472 1635 Deus
1491 1563 1694 1656 praesertim
1711 1555 1874 1630 homines
1896 1560 2035 1630 nobiles
2060 1563 2219 1646 erudiri,
2245 1577 2279 1632 ut

1291 1693 1363 1738 non
1378 1668 1494 1736 solum
1507 1667 1615 1734 armis
1630 1689 1749 1756 pacem
1766 1675 1950 1742 tueantur,
1977 1663 2037 1732 sed
2062 1663 2169 1732 etiarn
2186 1663 2279 1733 domi

1292 1773 1425 1860 legum,
1458 1767 1667 1856 disciplinae
1707 1779 1742 1836 et
1782 1763 1966 1854 religionis
2007 1767 2173 1834 custodes
2205 1768 2280 1834 sint.

1293 1874 1414 1964 ltaque
1431 1895 1511 1940 cum
1527 1868 1593 1938 Dei
1610 1865 1781 1938 beneficio
1808 1867 1980 1935 excellens
1997 1866 2041 1935 sit
2063 1881 2194 1937 natura
2210 1863 2280 1939 Ni.

1293 1970 1392 2044 colai
1400 1967 1570 2064 Birgeri,
1596 1969 1672 2040 nati
1690 1971 1728 2038 in
1744 1967 1878 2038 familia
1894 1967 2009 2038 nobili
2023 1969 2280 2038 vetustissimae

1293 2089 1326 2146 et
1347 2075 1558 2144 fortissimae
1584 2071 1698 2162 gentis
1713 2069 1927 2154 Succorum,
1961 2083 1994 2138 et
2018 2093 2125 2162 capax
2150 2074 2198 2144 sit
2220 2073 2280 2142 du-

1294 2177 1427 2248 ctrinae
1459 2201 1499 2244 ac
1536 2176 1687 2264 flagrans
1724 2195 1844 2242 amore
1875 2171 2088 2260 cognitionis
2128 2176 2279 2264 optirna-

1294 2303 1373 2350 rum
1389 2303 1523 2360 rerum,
1540 2291 1574 2346 et
1592 2277 1763 2366 impeturn
1774 2274 1819 2342 ad
1838 2273 1986 2343 virtutes
2003 2297 2119 2343 acrem
2137 2269 2281 2346 babeat:

1294 2381 1449 2450 studiose
1482 2379 1609 2448 didicit
1643 2393 1829 2468 utramque
1862 2375 2041 2465 linguam,
2073 2375 2226 2446 latinam
2252 2392 2282 2446 et

1294 2506 1471 2574 graecam,
1504 2477 1681 2549 Ecclesiae
1714 2477 1930 2561 doctrinam,
1960 2476 2122 2546 omnium
2144 2493 2283 2572 tempu-

1296 2609 1372 2652 rum
1397 2577 1581 2650 historiam
1608 2595 1640 2652 et
1665 2579 1766 2648 initia
1782 2573 2048 2670 philosophiae,
2071 2579 2178 2650 utilia
2194 2583 2282 2650 vitae

1297 2681 1494 2756 huminum.
1547 2679 1709 2776 Cumque
1731 2677 1845 2749 Deum
1870 2703 1951 2748 vera
1978 2681 2207 2754 invocatione
2228 2709 2283 2752 co·

1295 2788 1360 2872 lat,
1386 2809 1468 2854 suos
1484 2809 1599 2854 mores
1623 2786 1727 2852 etiam
1746 2777 1892 2852 honeste
1909 2781 2009 2872 regit.
2061 2779 2181 2854 'l'anta
2205 2809 2281 2856 curn

1296 2889 1342 2958 sit
1366 2887 1500 2978 ingenii
1524 2883 1757 2978 praestantia,
1784 2897 1818 2952 ct
1843 2898 1968 2953 natura
1989 2884 2060 2952 iarn
2082 2883 2128 2954 sit
2146 2889 2283 2956 exculta
2349 2909 2350 2942 1

1295 2991 1428 3082 optima
1450 2989 1612 3058 doctrina
1636 2985 1764 3056 accidit
1786 2983 1952 3069 Nicolao,
1977 2986 2054 3053 sine
2077 2985 2153 3054 eins
2168 2989 2284 3080 culpa,

1295 3088 1385 3185 proh
1401 3091 1525 3177 dolor,
1542 3115 1666 3180 magna
1682 3087 1870 3158 calamitas.
1922 3083 2012 3156 Cum
2028 3087 2123 3154 enirn
2139 3113 2159 3156 a
2178 3115 2285 3160 coena

1296 3193 1427 3264 rediret
1450 3193 1494 3261 ad
1517 3192 1634 3262 studia
1655 3215 1716 3261 sua
1738 3203 1773 3260 et
1792 3191 1837 3256 ad
1863 3189 2098 3279 precationem
2116 3189 2154 3258 in
2172 3195 2286 3276 aedes,

1296 3319 1383 3390 quas
1399 3297 1635 3378 conduxerat,
1657 3305 1690 3362 et
1709 3315 1780 3361 uua
1799 3291 1869 3359 iret
1884 3283 2052 3360 honestus
2068 3291 2284 3374 adolescens,

1297 3397 1428 3468 invasit
1443 3421 1513 3482 eos,
1530 3395 1785 3466 modestissime
1803 3403 2083 3483 praetereuntes,
2095 3393 2286 3466 sceleratus

1296 3499 1409 3584 miles,
1424 3497 1485 3592 qui
1503 3521 1600 3566 rnure
1617 3495 1796 3566 latronum
1813 3494 1947 3562 emissis
1959 3493 2177 3564 fulminibus
2194 3497 2287 3567 mul·

1295 3615 1411 3670 turum
1429 3599 1615 3689 globorum
1636 3623 1676 3666 ex
1699 3597 1893 3667 bornharda
1911 3595 2081 3666 sauciavit
2099 3597 2288 3670 sinistrum

1295 3695 1478 3772 brachium
1496 3713 1530 3770 et
1544 3701 1635 3769 latus
1650 3696 1787 3767 Nicolai
1798 3752 1809 3783 ,
1821 3723 1927 3792 quam
1943 3697 1990 3767 oh
2007 3721 2147 3768 causam
2166 3715 2289 3792 postea

1294 3798 1433 3872 brachii
1453 3813 1586 3892 partem
1611 3801 1864 3869 inflammatam
1889 3797 2045 3890 praecidi
2064 3797 2287 3898 oportuit*).

1294 3903 1392 3974 Haec
1413 3917 1509 3973 tanta
1535 3903 1732 3985 calamitas,
1764 3901 1970 3992 praesertim
1991 3900 2031 3970 in
2053 3902 2116 3972 tali
2137 3895 2289 3974 homine

1294 4005 1399 4077 nobis
1419 4005 1586 4074 omnibus
1609 4005 1769 4074 dolorem
1791 4027 1958 4094 magnum
1971 4003 2101 4080 attulit.
2151 4000 2289 4076 Exem-

1329 4267 1357 4332 1)
1376 4265 1523 4335 inscriptio
1537 4265 1566 4320 in
1581 4265 1741 4322 converte.

1328 4347 1539 4472 *)RiiapeturAiu
1548 4350 1663 4471 {criptis
1675 4349 1790 4471 pulb'licia
1804 4348 1851 4471 (iii
1865 4347 1899 4408 ll.
1912 4349 1947 4406 ad
1960 4369 2025 4474 aug.
2042 4350 2130 4421 15⁵³.)
2152 4355 2260 4428 pagella
2272 4375 2288 4412 ι

1358 4436 1554 4570 ..caasa
1568 4437 1793 4568 sutura
1806 4421 2188 4562 :,s.:.·.t:a.·.¹.{·.⁰.;n
2201 4427 2288 4564 ’.ῑῑίε

1362 4595 1383 4626 „
1393 4558 1459 4610 esdra
1473 4557 1588 4610 rnilitum
1604 4557 1721 4625 amphus
1733 4559 1888 4628 septennis.
1922 4555 2020 4612 Nullus
2035 4567 2125 4612 tamen
2140 4563 2221 4620 miles
2234 4563 2285 4616 ed·

1335 4661 1339 4668 -
1362 4645 1480 4698 „versus
1497 4643 1650 4698 quenquam
1671 4625 1698 4677 in
1722 4626 1824 4708 oppido
1845 4645 1908 4680 naua
1927 4637 1967 4679 est
1981 4629 2143 4699 tormentis,
2162 4642 2195 4682 ut
2211 4633 2288 4686 acci·

1359 4697 1425 4762 „dit
1438 4697 1513 4746 intra
1528 4698 1660 4760 diducens,
1678 4704 1705 4746 et
1720 4694 1829 4778 quadem
1844 4695 1918 4766 petiti
1931 4703 1995 4747 eunt
2008 4705 2034 4747 et
2047 4695 2184 4749 vulnerati
2196 4701 2286 4770 globis

1360 4763 1497 4834 „nobiles
1512 4764 1601 4823 docti,
1620 4765 1751 4842 modeste,
1770 4763 1816 4844 qni
1830 4763 1968 4816 neminem
1980 4763 2171 4823 irritaverunt.
2210 4769 2287 4824 Ft'eri

1359 4847 1476 4906 „autem
1492 4839 1593 4900 potest,
1611 4841 1641 4883 ut
1654 4829 1698 4883 alu
1714 4831 1826 4901 inquieti
1838 4829 2009 4888 irritaverint
2021 4829 2129 4888 milites.
2164 4835 2241 4890 Nam
2261 4847 2288 4892 et

1361 4901 1439 4976 „hoc
1453 4899 1594 4969 audimus,
1611 4899 1788 4954 scholasticos
1801 4903 1935 4972 quosdam
1952 4901 2045 4970 vagari
2065 4911 2151 4956 noctu
2164 4905 2288 4960 terribili

1363 4987 1488 5040 „genere
1513 4987 1652 5022 armorum
1676 4966 1834 5026 instructos.
1876 4971 1941 5026 ldeu
1972 4987 2067 5024 serere
2097 4976 2284 5044 praedpimus

1361 5037 1516 5109 „cornibus
1530 5035 1712 5098 scholasticis.
1730 5047 1759 5090 ut
1774 5039 1830 5092 sint
1845 5036 1980 5104 modesti,
2000 5039 2132 5094 etrident
2146 5052 2288 5098 causasti

1361 5108 1545 5190 „⁰90⁸qu
1568 5106 1766 5192 periculorum.
1788 5137 1828 5188 .-
1868 5109 1904 5160 As
1927 5105 2104 5176 prohibemus
2129 5123 2285 5168 nocturnas

1324 5211 1327 5222 ⁴
1358 5173 1920 5316 3aaziat²ss:r::..us.‘5a:saa
1935 5188 2285 5330 aususausus.

1357 5313 1469 5387 „oriri,
1486 5313 1533 5366 sed
1553 5311 1675 5366 disholos
1700 5311 1821 5367 insidiari
1842 5311 1911 5367 ritae
1928 5322 1954 5366 et
1974 5312 2068 5367 moliri
2086 5315 2238 5374 aediuonea
2257 5329 2285 5376 et

1358 5383 1480 5460 „caedes
1494 5389 1520 5437 et
1532 5380 1583 5436 alia
1596 5381 1677 5438 mala.
1695 5381 1771 5438 ete.''
