4714 5832
231 204 304 282 119
807 197 1239 279 EPISTOLARUM
1290 196 1503 279 mnan.
1557 196 1686 280 1568.
1757 209 1763 220 '
2195 199 2260 270 llo

234 378 408 460 amicitiae
437 401 513 448 uon
536 377 625 448 sinis
647 376 804 468 extingui
829 389 864 448 et
886 399 942 448 res
964 375 1089 467 dignas
1109 371 1231 464 cogni·
1281 371 1329 448 R.
1346 371 1392 450 D.
1409 372 1455 450 T.
1475 375 1565 444 duos
1585 330 1748 460 libellos.
1773 393 1814 442 ac
1834 395 1899 444 oro
1921 365 1968 445 ll.
1983 368 2028 444 D.
2044 367 2091 447 T.
2111 383 2153 444 ut
2174 385 2265 442 curet

236 481 333 553 tione
367 479 552 571 significas.
617 477 735 549 'liram
768 477 954 570 epistolam
990 478 1029 546 in
1063 473 1230 546 lanuario
1281 477 1431 547 alterum
1455 471 1613 546 exbiberi
1636 475 1770 570 inclyto
1786 469 1899 564 Regi,
1932 473 2082 544 alterum
2109 473 2185 543 eius
2206 473 2266 542 do-

237 583 401 674 scriptam
417 583 535 673 accepi
548 581 705 650 calendis
720 577 805 650 lulii
823 575 952 667 16⁵3„
984 603 1054 673 quo
1072 592 1231 670 tempore
1282 577 1383 654 ctori.
1423 575 1579 671 Quoquo
1596 591 1713 650 autem
1728 575 1838 646 modo
1855 577 1899 648 de
1913 569 1972 646 bis
1986 589 2190 647 nostrorum
2205 569 2267 643 bo-
2344 617 2345 656 3

236 708 373 754 novum
394 684 530 754 bellum
556 681 593 750 in
618 679 812 754 Germania
834 696 971 754 motum
991 694 1079 752 crat.
1129 677 1231 750 Mar·
1281 681 1421 750 minum
1437 680 1562 750 studiis
1577 675 1680 749 isthic
1697 679 1890 748 iudicatur:
1918 689 2036 748 tarnen
2052 671 2143 746 mihi
2159 677 2267 768 placet
2344 677 2345 696 ¹

237 781 319 856 chio
353 779 528 856 Alberlus
561 781 721 854 Francus
753 779 1067 874 Noribergensium
1099 781 1230 873 oppida
1282 795 1423 854 nostros
1445 775 1639 852 honorifice
1656 781 1778 850 advos
1794 781 1957 850 scribere.
2006 776 2056 852 Et
2073 773 2267 849 Mathema-

236 900 311 959 tota
333 887 410 978 igni
429 885 598 979 perdidit.
648 883 884 976 Bombcrgam
904 883 1091 976 occupavit
1112 896 1147 953 et
1161 882 1229 952 alia
1282 896 1359 954 tum
1383 884 1500 954 studia
1525 882 1766 954 commendari
1789 879 1881 971 Regi
1899 883 2061 953 omnium
2076 880 2266 951 eruditissi-
2344 931 2345 972 ;

237 991 413 1082 quaedam
431 985 690 1080 Episcopomm
706 987 850 1080 oppida.
879 985 984 1058 Nunc
999 985 1231 1056 vastationem
1281 1011 1341 1056 rno
1358 980 1547 1055 honestum
1562 999 1624 1056 est.
1658 983 1757 1053 Bene
1772 995 1808 1054 et
1822 983 1973 1055 feliciter
1987 979 2267 1056 valeatR.D.T.
2344 1007 2345 1026 ο

236 1091 321 1160 facit
334 1091 374 1160 in
393 1090 529 1160 ditione
545 1089 645 1160 ducis
659 1086 814 1159 Haurici
825 1087 1123 1160 Brunsvvicensis.
1155 1083 1231 1156 Re·
1282 1085 1441 1158 Salutem
1462 1099 1546 1179 opto
1571 1086 1703 1156 illustri
1725 1099 1759 1156 et
1781 1087 1975 1156 reverendo
1993 1084 2083 1155 Viro
2103 1076 2268 1160 Iohanni

236 1191 391 1284 primere
418 1187 608 1263 Albertum
632 1185 882 1262 Marchionem
912 1193 985 1262 dux
1012 1183 1231 1258 Mauritius
1282 1212 1307 1259 a
1323 1183 1468 1286 Lasly.
1519 1185 1587 1258 llic
1603 1189 1639 1259 4.
1654 1185 1750 1263 Iulii.
1801 1184 1911 1258 Anno
1930 1183 2041 1264 1555.

236 1289 383 1366 Elector
406 1308 565 1366 conatur.
628 1290 734 1364 Nunc
757 1307 875 1364 autem
897 1305 1142 1363 convenerunt
1163 1291 1229 1360 ali·
1470 1329 1474 1334 -

238 1408 326 1488 quot
359 1395 537 1488 principes
570 1395 823 1487 pacificationis
857 1417 972 1466 causa.
1034 1391 1232 1486 Imperator

240 1492 399 1568 Carolus
413 1510 581 1588 aegrotat.
623 1493 722 1568 Inter
737 1497 854 1588 ipsum
869 1509 903 1568 ct
920 1493 1100 1566 Gallicum
1114 1519 1229 1586 regem

238 1621 314 1668 uon
336 1611 419 1669 sunt
439 1599 615 1674 induciae.
665 1593 767 1669 Nihil
790 1610 909 1668 tamen
924 1611 1110 1690 postquam
1126 1619 1230 1666 occu·
1280 1625 1337 1698 No
1365 1621 1467 1696 5427

238 1701 338 1791 pavit
355 1698 481 1771 Gallus
501 1701 630 1771 urbem
646 1698 864 1786 Metensem,
896 1722 987 1794 quae
1002 1699 1072 1770 luit
1089 1697 1229 1791 imperii
1290 1678 1478 1754 εἰν-ν’

240 1799 464 1888 Germanici,
496 1802 635 1892 insigne
656 1816 774 1889 actum
797 1814 861 1872 est.
910 1799 1008 1872 Bene
1027 1815 1063 1872 et
1081 1800 1234 1872 feliciter
1587 1821 1657 1908 10,
1685 1821 1965 1914 Plawgomo,

238 1903 316 1973 vale
332 1917 368 1975 et
382 1903 548 1979 rescribe.
599 1901 674 1974 Cal.
691 1900 774 1974 lulii
792 1897 902 1978 1553.

1068 2020 1112 2094 P.
1126 2019 1179 2095 M.
1386 1995 1770 2072 traducimus...

1360 2168 1575 2246 Iohanni
1602 2163 1872 2242 Placatoma
1903 2168 2081 2270 (Ductori
2102 2175 2201 2245 artis

1696 2267 1875 2368 medicae)

238 2453 435 2584 Q·
763 2395 766 2401 Ι
1119 2477 1153 2538 4.
1171 2463 1231 2535 lul.
1284 2433 1333 2523 S.
1357 2445 1407 2521 D.
1455 2439 1599 2514 Clariss.
1614 2437 1689 2524 vir,
1716 2437 1881 2514 etcariss.
1897 2440 2016 2512 frater.
2066 2441 2271 2539 HancEpi·

1101 2557 1228 2584 Μ
1284 2549 1410 2622 stolam
1425 2567 1505 2614 cum
1521 2541 1710 2611 scriberem
1726 2539 1784 2609 die
1799 2535 1835 2614 5.
1849 2537 1945 2625 Iulii,
1971 2543 2075 2614 ambo
2089 2541 2271 2638 Principes

551 2660 633 2747 Th·
661 2659 923 2748 omnmo·
1283 2651 1365 2723 Dux
1394 2640 1610 2716 Mauritius
1640 2653 1675 2712 ct
1703 2638 1868 2712 Marchio
1893 2640 2086 2732 Alterius,
2126 2673 2271 2739 magnos

1284 2751 1456 2822 exercitus
1487 2743 1669 2816 habebant
1701 2743 1741 2812 in
1768 2743 1942 2826 Saxonis,
1983 2771 2136 2840 quorum
2164 2765 2271 2821 castra

308 2835 389 2922 tetta
404 2839 479 2894 iuter
496 2837 565 2922 Mel.
586 2837 612 2889 E
632 2837 723 2893 istolas
742 2841 777 2894 ad
797 2839 863 2895 Alb.
880 2839 1115 2912 lindenborgium
1133 2839 1233 2912 ep.59.
1333 2875 1432 2922 uma
1483 2843 1716 2919 oium-vallo
1732 2845 1880 2918 distant·
1917 2843 2082 2918 Marchio
2099 2843 2177 2920 Alb

342 2858 790 2981 ...arcuerim..n
808 2909 1232 2983 <.a.n0na1u.tu.0p.tsa).
1284 2879 1331 2924 ¹¹⁰
1434 2873 1480 2941 3⁰
1738 2945 1745 2962 .
1834 2945 1841 2963 .
2120 2953 2129 2969 .
2160 2861 2271 2971 ,Ψ

1284 2980 1365 3027 cum
1387 2976 1462 3023 non
1483 2947 1607 3042 procul
1627 2947 1674 3017 ab
1687 2941 1864 3018 ΗιΙᾶιοια
1876 2949 2033 3036 abesset,
2058 2975 2173 3045 recrpr
2187 2979 2222 3024 sc
2237 2977 2271 3022 ιο

237 3041 493 3152 Reverendiss.
514 3077 684 3152 Domino
710 3059 913 3154 Thomas
938 3077 1231 3183 (Cranmero)
1283 3051 1563 3176 ulbemst'flivil’
1590 3049 1904 3172 sedf¹⁶l¹¹⁵¹¹⁸f⁵l⁰
1954 3049 2067 3170 P³g⁰f
2079 3053 2272 3173 ,igltu‘all'

452 3175 734 3283 archiepiscopo
752 3177 1023 3258 Canluariensi
1283 3155 2273 3344 ἓὲἓῑὸἱῑνὲἲῡὲῗηθῖἑζίῗέἐηζέεΣὲὓίῑέῑἓὲἐὲἰῶῑῐῑῑωῖηῗὲἓί

240 3333 288 3422 S.
319 3343 370 3456 l).
426 3342 734 3418 Reverendissime
763 3349 917 3420 Domine
944 3347 1231 3448 Arcbiepiscopc,
1283 3281 1378 3432 matgo
1394 3358 1525 3451 oppido
1542 3347 1702 3446 Allorfio
1717 3377 1828 3446 prope
1840 3305 2075 3446 Noribergard
2090 3360 2272 3450 perierunt

238 3447 379 3520 Scimus
400 3459 694 3542 utrumque'voce
707 3451 828 3520 divina
843 3455 1060 3544 praedictum
1082 3481 1172 3542 esse,
1196 3471 1231 3529 et
1282 3464 1322 3533 iu
1344 3488 1385 3534 eo
1407 3459 1573 3530 incendio
1594 3456 1733 3527 circiter
1754 3449 2120 3545 octogintahomines.
2172 3456 2271 3532 Nibil

236 3553 374 3621 futuras
389 3573 461 3619 esse
475 3551 628 3621 maiores
640 3553 864 3624 confusiones
878 3556 1016 3645 generis
1030 3553 1178 3628 humani
1193 3561 1230 3630 in
1281 3567 1326 3636 dc
1349 3563 1462 3636 causis
1479 3573 1541 3632 aut
1561 3581 1688 3650 genere
1711 3557 1800 3626 belli
1822 3556 1920 3628 aliud
1941 3559 2095 3630 scribere
2117 3586 2272 3652 possum,

237 3647 305 3720 bac
319 3650 445 3721 ultima
460 3665 495 3722 et
509 3653 621 3722 delira
636 3655 763 3724 mundi
780 3671 935 3740 senecta,
962 3682 1068 3752 quam
1084 3663 1230 3734 fuerunt
1281 3667 1352 3737 uisi
1373 3665 1471 3762 quod
1494 3683 1616 3732 omnes
1631 3658 1733 3730 fateri
1751 3658 1929 3750 cogimur,
1953 3659 2077 3730 fatales
2093 3685 2170 3732 esse
2188 3688 2270 3755 poe·
2344 3723 2345 3754 .

239 3763 360 3838 antea,
399 3765 577 3823 ettamen
604 3754 1229 3851 etiaminterlmperiorumruiuas
1281 3793 1345 3839 nas
1358 3769 1554 3838 multorum
1569 3761 1791 3848 delictorum,
1815 3783 1902 3855 quas
1916 3773 1956 3832 ut
1970 3760 2079 3834 leniat
2093 3763 2191 3836 lilius
2207 3765 2271 3837 Dei

238 3851 372 3922 Filium
388 3849 456 3922 Dei
480 3853 710 3924 collecturum
733 3882 807 3928 esse
828 3859 1008 3930 aeternam
1023 3859 1228 3940 Ecclesiam.
1281 3883 1355 3941 toto
1370 3893 1452 3939 eum
1468 3878 1607 3958 pectore
1621 3886 1697 3936 ora.

237 3953 315 4026 Hac
336 3979 392 4024 me
413 3953 654 4026 consolatione
680 3956 720 4026 in
740 3954 797 4030 his
818 3953 1043 4034 Germanias
1065 3967 1229 4038 tumulti-

236 4057 305 4128 bus
323 4069 492 4128 sustento·
1382 4063 1537 4144 Gaurus
1559 4066 1657 4140 ducit
1672 4088 1818 4138 uxorem
1836 4065 1992 4156 puellam
2008 4071 2272 4141 natamexfilia

318 4155 587 4282 Comperimus
608 4189 676 4266 boc
700 4217 796 4267 anno
816 4199 1030 4272 mirabiliter
1055 4219 1228 4296 protectas
1279 4168 1444 4246 D⁰⁰l⁰¹l⁵
1465 4165 1690 4266 Himi'ml
1710 4159 1906 4265 S⁶h¹⁸lffi¹⁰·
1956 4164 2036 4238 ΗΜ
2059 4167 2173 4259 igilur
2198 4173 2272 4262 ³85·
2344 4171 2345 4202 ³

238 4315 312 4363 esse
326 4287 501 4362 Ecclesiae
525 4295 565 4364 ῑῃ
585 4319 625 4366 02
648 4321 710 4367 ora
725 4289 962 4388 Pannoniae,
989 4329 1095 4396 quam
1110 4308 1229 4376 nomi,
1281 4288 1352 4361 tur,
1372 4284 1413 4346 ut
1427 4272 1703 4345 Francofordiae
1720 4263 1873 4340 Gaurus
1888 4269 2091 4346 retineatur.
2118 4268 2161 4342 Si
2178 4297 2271 4344 non-

239 4405 327 4463 nant
341 4387 676 4486 Transylaaniam.
726 4395 938 4474 Eduxerunt
951 4399 1069 4474 Tarsi
1083 4431 1228 4498 magnos
1279 4379 1366 4448 dum
1381 4369 1538 4447 Meuius
1562 4387 1596 4492 et
1612 4369 1777 4490 Collegae
1799 4371 1869 4442 iter
1881 4369 2030 4462 ingressi
2045 4383 2148 4490 sunt,
2175 4373 2272 4446 dices

239 4494 411 4563 exercitus
432 4488 692 4567 Tartaromm,
741 4499 818 4572 Hos
841 4504 880 4574 gn
901 4497 1140 4578 pannoniam
1160 4513 1228 4584 du,
1280 4479 1330 4549 eis
1350 4480 1498 4550 salutem
1518 4499 1607 4546 mers
1627 4472 1979 4543 verbrscumadvos
1996 4486 2154 4546 vernent.
2206 4475 2271 4548 Sa-

239 4607 360 4666 ccums
390 4608 465 4665 erat
494 4589 775 4668 Walachomm
805 4603 997 4698 Tyfflmms
1025 4613 1227 4682 cmdelissi,
1279 4583 1390 4654 lutcm
1403 4594 1488 4675 opto
1507 4591 1544 4650 ct
1555 4573 1704 4648 Ductori
1717 4565 1926 4693 loacdima.
1965 4571 2073 4692 Quod
2089 4569 2272 4654 §ransart

238 4717 329 4766 mus.
379 4693 449 4764 Hic
472 4697 510 4765 in
533 4697 611 4790 ipso
633 4715 804 4792 apparatu
821 4717 938 4778 tantae
955 4715 1191 4803 expeditionps
1207 4740 1226 4786 a
1278 4683 1460 4756 insuavem
1476 4677 1674 4773 Epistulam
1688 4677 1794 4748 nobrs
1808 4677 1998 4792 prdendam
2012 4675 2161 4764 mrsisti,
2187 4701 2270 4769 gra-

238 4798 311 4867 suis
331 4809 477 4887 propter
497 4797 742 4872 crudelitatem
762 4805 965 4880 interfectus
984 4825 1049 4881 est.
1100 4813 1152 4884 lta
1170 4817 1226 4886 di·
1278 4785 1363 4856 llam
1385 4785 1453 4856 tibi
1469 4779 1596 4856 habw·
1646 4777 1765 4850 Hm
1778 4789 1885 4848 ΜΠ
1899 4776 2097 4848 d⁰⁰lri¹²³¹¹¹
2112 4791 2149 4850 el
2164 4793 2271 4852 ³⁸²⁰·

237 4899 333 5014 lapsa
361 4898 591 4972 multitudine
619 4915 775 4976 servatae
805 4921 888 4982 sum
912 4905 1091 4984 Ecclesiae
1114 4907 1226 5004 ,PM-
1276 4885 1697 5060 ἓοιίιῡῗὶοῑοιῖᾶὸοόῑδῑοιοροο.
1734 4877 1833 4950 Rene
1846 4891 1883 4955 et
1897 4878 2049 4951 feliciter
2063 4879 2153 4954 vale.
2203 4880 2271 4954 Die

236 5021 401 5074 nauscae.
1302 5039 1312 5062 .
1379 5012 1427 5084 Ιι,
1555 5035 1565 5058 .
1611 5069 1613 5077 1
1710 5031 1715 5041 ,

337 5132 391 5206 De
415 5135 519 5206 bellis
542 5131 776 5221 Germanicis
798 5167 840 5215 eo
863 5142 957 5218 nibil
978 5147 1114 5236 scribo,
1140 5153 1223 5245 quia

237 5250 376 5307 nostrae
399 5237 521 5308 literae
542 5243 642 5311 tarde
656 5245 703 5312 ad
719 5268 782 5316 vos
798 5250 1035 5340 perferuntur.
1085 5251 1224 5325 Interea

235 5339 346 5410 multa
367 5339 457 5411 liunt
479 5338 787 5446 magiso'risdiaya.
836 5341 1041 5425 Nunc‘vero
1058 5351 1160 5427 mitto
1177 5355 1222 5428 ad
