4682 5822
63 287 139 362 us
328 279 333 292 ·
635 221 1076 360 urrsronaauu
1129 281 1232 360 raa.
1258 283 1340 364 xn.
1393 283 1520 362 asso.
2027 283 2104 368 rao

62 461 125 557 qni
159 462 283 554 legunt
307 475 341 532 et
370 459 632 552 amplectuntur
658 457 899 552 incorruptam
924 455 1058 530 doctri-
1112 477 1168 526 res
1183 455 1240 528 vir
1254 451 1505 544 Reverendus,
1526 453 1709 556 Georgius
1720 445 1971 540 Bachhol'zer.
1998 491 2101 560 prae-
2139 451 2142 457 ¹

64 588 153 634 narn
171 561 377 652 Evangelii,
401 576 437 631 et
451 575 543 632 recte
558 561 726 631 invocant
742 558 870 630 Deum.
921 557 1059 631 Aenu-
1113 559 1247 650 positus
1276 557 1453 632 Ecclesiae
1484 563 1552 633 Dei
1581 564 1618 634 in
1649 567 1736 634 rrrbe
1760 563 1917 643 Berliuo.
1979 569 2100 660 Quare

64 689 129 758 per
142 668 241 759 apud
259 691 316 735 me
328 659 456 756 hospes
471 664 540 733 luit
554 663 716 732 sacerdos
730 659 923 732 Polonicns
934 657 984 754 ¹),
1003 661 1060 730 vir
1111 681 1235 730 omnes
1249 655 1415 734 honestos
1433 665 1529 736 viros
1545 689 1628 752 oro,
1653 681 1693 736 ut
1708 668 1769 736 ubi
1785 669 1852 740 erit
1868 671 2022 756 occasio,
2043 671 2098 743 lo.

64 771 196 839 doctus
214 781 248 838 et
263 767 358 858 pins,
384 761 675 861 qui‘edvenecat,
697 777 737 835 ut
752 766 796 834 de
812 764 936 834 multis
951 785 1059 858 quae-
1112 785 1192 832 cnm
1210 764 1360 834 docendi
1377 766 1408 835 ei
1425 766 1601 852 tribuant,
1628 781 1662 837 et
1679 769 1711 838 ei
1735 769 1963 841 benefaciant.
2014 771 2096 848 Mea
2169 761 2173 770 ’

64 853 942 957 stionibusrrreeumsuascogitationesrodlerret.
989 863 1057 936 Sed
1112 863 1217 934 etiarn
1235 865 1348 936 olficia
1367 865 1488 938 cinon
1507 871 1777 941 delutrrrasrmt.
1828 869 1901 942 Nec
1921 869 2011 944 mihi
2029 877 2098 945 du-

64 966 330 1064 Episcoporum
351 970 389 1040 in
406 967 556 1039 Polonia
578 967 759 1038 saevitiam
784 989 946 1058 magnam
975 987 1059 1046 esse,
1112 965 1211 1036 bium
1239 979 1310 1052 est,
1336 969 1441 1038 deum
1466 985 1610 1064 propter
1633 971 1768 1065 aliquas
1787 973 1860 1064 pias
1881 975 2033 1046 familias
2058 1002 2098 1046 ac

65 1095 124 1141 res
152 1072 324 1146 ostendit.
378 1067 577 1163 Episcopus
602 1061 814 1140 Culmensis
836 1070 892 1138 vir
916 1067 1060 1152 nobilis,
1112 1067 1315 1158 praesertim
1333 1069 1474 1162 piorum
1491 1075 1732 1154 sacerdotum,
1764 1075 1826 1168 qui
1846 1065 1982 1170 alioqui
2006 1079 2099 1148 mul·

64 1171 422 1246 scholaeCulmensi's
435 1171 722 1244 constitutionem
736 1172 931 1244 adiuverat.
956 1169 1059 1239 Nunc
1112 1169 1157 1239 tis
1174 1171 1350 1240 aerumnis
1367 1175 1502 1242 onerati
1517 1187 1615 1261 sunt,
1641 1175 1771 1246 multas
1788 1201 1919 1268 poenas
1942 1180 2101 1270 publicas

65 1277 211 1366 cogitur
236 1299 360 1346 rursus
385 1273 562 1345 dimittere
587 1273 664 1366 pio's
695 1273 853 1344 lectores.
912 1267 1061 1364 Scripsit
1113 1269 1284 1360 mitigare.
1344 1269 1418 1342 Has
1452 1275 1590 1366 mitigat
1622 1277 1747 1349 ceteris
1780 1277 1904 1363 etiam,
1945 1279 2007 1374 qni
2043 1276 2100 1350 his

65 1377 177 1448 etiarn
193 1378 334 1448 rabioso
350 1387 472 1447 contra
487 1373 805 1448 nostrasEcelesias
815 1370 1011 1466 Episcopus
1020 1367 1061 1469 ²),
1113 1371 1348 1446 benefaciunt.
1387 1371 1485 1446 Bene
1499 1377 1576 1448 vale
1596 1379 1723 1464 lector,
1743 1401 1880 1449 memor
1892 1381 1978 1452 dicti
1993 1377 2099 1454 Chri-

67 1480 126 1549 cui
148 1503 284 1550 nomen
314 1491 366 1549 est
386 1475 543 1548 Hosius:
586 1475 646 1548 sed
674 1477 792 1548 verius
816 1499 947 1546 nornen
973 1487 1061 1544 esset
1112 1471 1174 1558 sti,
1210 1477 1304 1567 quod
1337 1497 1444 1566 supra
1470 1477 1586 1554 citavi.
1645 1476 1798 1554 Annoa
1830 1483 1938 1555 natali
1964 1479 2100 1566 Christi

68 1572 232 1662 ἀνόσιος.
282 1580 453 1652 Defendit
469 1571 619 1672 Pipium
642 1578 873 1662 scribentem,
898 1578 1061 1647 sacerdo-
1116 1570 1242 1656 15⁵5..
1269 1577 1327 1646 dle
1350 1579 1413 1653 25.
1429 1577 1573 1665 Martii,
1597 1605 1667 1676 quo
1692 1581 1748 1652 die
1770 1595 1850 1653 ante
1871 1607 1984 1654 anuos
2003 1579 2097 1658 1521

68 1695 120 1752 tes
143 1683 265 1752 minus
287 1705 430 1774 peceare
452 1681 604 1750 aliorum
630 1679 805 1769 coniugiis
838 1679 1060 1762 insidiantes,
1112 1675 1207 1746 filius
1223 1678 1293 1748 Dei
1314 1679 1353 1748 in
1378 1703 1479 1750 cruce
1496 1683 1636 1754 victima
1652 1685 1765 1754 lactus
1781 1695 1852 1768 est,
1878 1697 1912 1756 et
1933 1687 2101 1758 scribitur

68 1807 179 1876 qnam
208 1783 370 1873 coniugia
401 1778 661 1854 contrahentes.
727 1779 843 1852 Tanta
866 1795 917 1852 est
941 1781 1060 1870 impu·
1113 1802 1153 1846 eo
1175 1779 1233 1848 die
1258 1793 1340 1852 ante
1362 1804 1476 1854 annos
1497 1779 1601 1856 5517
1618 1782 1735 1858 Adam
1753 1798 1787 1857 et
1805 1783 1942 1858 Herem
1965 1803 2100 1862 creatos

68 1885 205 1956 dentia.
269 1883 419 1955 lndede
444 1885 588 1954 caeteris
611 1883 740 1956 indica.
790 1881 829 1954 si
853 1885 896 1952 ad
921 1905 977 1950 me
1000 1903 1059 1949 ve·
1115 1903 1201 1951 esse.

69 1987 166 2058 uerit
191 1985 383 2057 Polenicus
405 1985 629 2070 secretarius,
668 1985 773 2054 etiam
796 1997 940 2075 propter
963 1997 1060 2053 tuam

69 2089 415 2158 commendationem
432 2087 640 2158 familiarius
655 2109 736 2156 eum
750 2085 932 2176 excipiam.
973 2082 1061 2153 Heri

71 2213 213 2259 mecum
242 2189 309 2260 luit
331 2187 496 2282 quidam,
530 2189 593 2281 qui
623 2199 716 2257 recta
739 2187 837 2256 venit
858 2211 898 2256 ex
924 2185 1061 2254 Gallias
1092 2269 1095 2277 .

71 2292 136 2385 qui
164 2287 340 2374 narravit,
373 2282 637 2360 Marcdionem
661 2282 852 2358 ailbertum
877 2311 951 2358 non
978 2311 1061 2380 pro-

71 2393 131 2462 cul
157 2416 179 2461 a
204 2389 349 2462 Lutecia
375 2392 494 2462 abesse
513 2386 559 2481 ¹).
610 2387 710 2459 Bene
734 2389 856 2458 valete.
908 2388 974 2460 Die
999 2385 1061 2462 25.
1123 2393 1135 2400 ’“

72 2492 218 2572 Martii,
246 2493 345 2562 cuius
360 2493 431 2562 diei
445 2487 610 2562 historias
625 2514 765 2583 semper
786 2513 922 2559 summa
945 2490 1063 2560 inten-

73 2595 173 2665 tione
194 2594 348 2682 cogitare
372 2595 558 2664 debemus:
600 2592 684 2686 quia
707 2616 748 2662 eo
772 2591 830 2661 die
854 2605 889 2662 et
911 2585 931 2662 ὃ
955 2583 1063 2688 λόγος
1115 2559 1180 2652 No.
1197 2557 1312 2638 ⁶75⁸·

1122 2675 1292 2706 m
1925 2679 2096 2714 w

1630 2033 1820 2132 Philippus
1835 2031 2050 2114 Melanthon

1717 2165 1827 2258 manu
1844 2145 2000 2239 propria.

72 2696 169 2765 lilius
189 2694 255 2766 Dei
276 2695 472 2787 adsumpsit
495 2689 686 2764 humanam
708 2705 892 2779 naturam,
921 2705 958 2764 et
984 2704 1063 2784 post

72 2819 169 2867 anuo
190 2793 253 2870 34.
277 2797 370 2866 filius
385 2793 453 2868 Ilei
477 2819 518 2866 eo
534 2796 593 2866 die
616 2794 654 2864 in
668 2818 771 2865 cruce
784 2794 926 2864 victima
951 2795 1063 2864 lactus
1415 2775 1482 2865 10·
1516 2777 1816 2869 Weirrtaudio.

73 2913 142 2969 est:
170 2921 276 2992 quem
290 2897 425 2970 utinam
442 2921 523 2969 vera
540 2895 758 2990 gratitudine
773 2897 999 2970 celebremus.

581 3053 772 3154 Philippus
789 3053 1013 3133 Melanthea.

1184 2947 1281 3006 Manlii
1293 2949 1392 3026 lamp.
1406 2970 1433 3024 p.
1446 2951 1498 3009 877
1505 2949 1522 2998 ll
1536 2967 1579 3025 sq.

1114 3117 1331 3218 Magnifica
1352 3117 1591 3196 Cancellario
1615 3120 1750 3222 inclyti
1775 3122 1963 3201 Electoris
1984 3123 2106 3204 Mor·

1116 3221 1278 3312 chionis,
1291 3225 1504 3325 praestanti
1516 3225 1704 3327 sapientia
1718 3236 1751 3298 et
1766 3229 1907 3312 uirtute,
1923 3227 1953 3302 I
1957 3255 2045 3304 ean
2055 3231 2107 3306 ni

1211 3323 1553 3417 Weinlarrbio,
1579 3328 2005 3426 patrannsuoeolendo,

72 3443 142 3514 No.
157 3438 270 3514 6767.
900 3439 1065 3512 25.Mart.

84 3537 259 3568 *Ν
888 3531 1060 3560 Μ
1118 3483 1167 3570 S·
1195 3493 1238 3565 D·
1289 3491 1478 3583 Magnifice
1501 3493 1646 3569 domine
1669 3489 1907 3576 Cancellarie,
1940 3509 1974 3568 et
1995 3499 2106 3572 amice

462 3639 684 3728 hauri&
1118 3598 1264 3670 colende
1288 3611 1321 3665 et
1341 3591 1558 3673 charissime.
1609 3590 1690 3665 Nou
1716 3589 1783 3664 hoc
1808 3592 1896 3666 mihi
1918 3619 2040 3682 sumo,
2065 3616 2107 3675 ur

1118 3703 1156 3770 in
1181 3698 1315 3768 alienae
1339 3693 1571 3788 Reipublicae
1581 3674 1736 3784 'hegocia
1760 3721 1817 3767 me
1838 3697 2013 3790 ingeram:
2045 3705 2107 3774 sed

142 3801 236 3874 im*
252 3801 372 3876 patmum
385 3820 401 3856 ⁸
414 3800 558 3870 herere,
576 3799 655 3872 ‘9³⁸⁸-
668 3801 697 3852 ⁴·
708 3818 735 3873 Ρ·
748 3799 807 3870 ³⁶·)
1118 3817 1235 3874 tamen
1251 3801 1344 3891 apud
1364 3797 1480 3869 virum
1494 3797 1687 3891 sapientem
1702 3811 1737 3870 et
1753 3797 1924 3887 amicum,
1943 3803 2107 3895 precibus
2233 3875 2241 3886 ,

1120 3907 1237 3975 locum
1260 3925 1333 3971 csse
1358 3899 1531 3975 existimo.
1582 3893 1661 3969 Oro
1684 3898 1804 3995 itaque
1821 3913 1860 3972 ut
1873 3899 1917 3973 N.
1931 3901 1975 3978 N.
1990 3893 2106 3976 Clare·-

1118 3997 1332 4102 stoplsorum
1353 3993 1535 4088 Lasiam,
1559 4015 1736 4094 pastorem
1758 3998 1935 4074 Ecclesiae
1958 4005 1997 4075 in
2019 4009 2108 4080 urbe

73 4095 124 4182 S.
153 4103 199 4178 D.
248 4101 340 4174 Nota
359 4116 410 4172 cst
425 4126 493 4172 vox
509 4101 574 4172 filii
591 4099 676 4172 Dei:
700 4100 839 4202 siquis
855 4095 992 4172 dederit
1015 4101 1071 4174 vel
1119 4099 1293 4203 Sponda,
1325 4104 1566 4176 illustrissimo
1589 4101 1747 4194 Principi
1768 4107 2035 4178 commendetis:
2072 4123 2107 4181 et

71 4217 202 4309 potum
230 4227 350 4304 aquae
371 4201 439 4273 ani
456 4225 503 4272 ex
524 4200 689 4274 minimis
713 4229 893 4290 meorum,
924 4214 1070 4302 propter
1120 4220 1322 4279 reverenter
1342 4208 1487 4299 petatis,
1512 4221 1552 4278 ut
1571 4205 1766 4275 retineatur
1783 4204 1822 4273 in
1840 4205 1915 4276 eius
1929 4203 2107 4283 Ecclesiae

74 4305 304 4394 doctrinam,
348 4299 500 4376 habebit
540 4299 745 4378 mercedem.
803 4305 1070 4382 Benelaciamus
1121 4309 1387 4402 gubernatione.
1446 4307 1534 4378 Nam
1566 4305 1711 4376 exitium
1742 4305 1818 4374 seni
1848 4329 1929 4378 cum
1962 4310 2108 4398 familia,

265 3947 452 4028 Omnibus
478 3949 626 4025 lecturis
652 3947 725 4025 lras
751 3949 881 4025 literas

74 4415 187 4504 igitur
210 4411 279 4502 piis
304 4408 479 4499 evangelii
502 4407 674 4480 ministris
702 4422 736 4480 et
760 4424 884 4480 ebrum
914 4410 1070 4480 familiis.
1122 4435 1227 4506 quam
1251 4413 1296 4480 sit
1318 4431 1584 4490 aerumnosum,
1615 4431 1689 4477 non
1720 4407 1913 4480 obscurum
1938 4425 1999 4486 est.
2058 4412 2107 4489 Et

74 4513 144 4586 Est
173 4526 292 4584 autem
318 4510 398 4603 pius
426 4522 546 4601 pastor
566 4506 745 4582 Ecclesiae
767 4511 805 4579 in
826 4505 932 4580 Buca
963 4536 1071 4604 prope
1092 4519 1093 4522 ’
1122 4515 1273 4583 fideliter
1287 4512 1448 4610 docuisse
1462 4533 1543 4580 eum
1559 4507 1666 4596 scitis.
1712 4506 1816 4581 Certe
1830 4511 1874 4580 de
1892 4513 2109 4602 gravissimis

75 4611 287 4708 Herzberg,
313 4607 687 4706 qoihabetscxfilios.
739 4609 879 4684 Horum
897 4637 990 4682 unus
1012 4608 1071 4684 hic
1124 4615 1283 4706 partibus
1305 4614 1392 4683 adeo
1414 4613 1535 4680 dextre
1559 4609 1717 4702 scripsit,
1742 4625 1783 4683 ut
1804 4634 1940 4705 sperem
1962 4615 2039 4685 cius
2052 4618 2108 4688 la·

76 4707 327 4790 Christianus
343 4709 534 4806 Herturig,
560 4713 683 4783 docuit
696 4707 930 4804 Evangelium
948 4715 986 4783 in
1002 4711 1071 4784 Ec·
1123 4719 1226 4786 bores
1243 4716 1347 4784 etiam
1362 4712 1512 4806 posteris
1524 4712 1729 4805 prolaturos
1745 4735 1829 4787 esse.
1877 4711 1926 4788 Et
1949 4715 2021 4788 vita
2041 4713 2109 4792 ho-

75 4819 355 4913 clesiaqnadam
373 4809 568 4902 Moechiae.
619 4809 668 4884 Et
689 4814 927 4886 ordinationis
952 4816 1074 4908 publi·
1123 4831 1222 4888 nesta
1248 4831 1317 4900 est,
1334 4815 1480 4888 etiamsi
1501 4827 1666 4886 naturam
1688 4814 1815 4884 vellem
1831 4815 2108 4892 minusiracnn·

77 4917 401 4996 raetestimoniurn
420 4911 537 4990 haber.
588 4909 683 4986 Mihi
700 4917 1072 5012 quoquelaudetmo·
1125 4923 1206 4989 dam
1230 4941 1317 4990 esse:
1344 4921 1405 4989 sed
1424 4918 1520 4989 scitis
1544 4917 1582 4987 in
1603 4915 1746 5008 optimis
1759 4917 1896 4988 naturis
1910 4911 2110 5012 hominum,

1124 5033 1244 5094 tamen
1267 5023 1398 5093 multos
1418 5020 1563 5090 morbos
1586 5013 1752 5103 haerere,
1784 5031 1826 5089 ut
1847 5020 2020 5090 fateamur
2044 5045 2110 5096 nos

1126 5147 1199 5194 esse
1216 5145 1365 5194 massam
1383 5122 1529 5215 pcccati:
1557 5120 1653 5192 etita
1670 5119 1786 5189 salvos
1800 5119 1896 5206 fieri,
1917 5121 2001 5215 quia
2017 5147 2111 5195 mas-

114 5221 140 5288 ¹)
160 5215 226 5271 vid.
241 5233 285 5288 ‘t’-
302 5215 329 5272 ἆ·
341 5212 387 5268 ²⁷·
401 5211 457 5267 ¹⁸¹¹·
474 5211 550 5269 ¹⁵⁵⁵·
1126 5248 1183 5295 sae
1200 5227 1264 5294 filii
1279 5225 1347 5295 Dei
1364 5221 1567 5294 inserimur.
1619 5215 1801 5307 Obsecro,
1825 5235 1867 5294 ut
1889 5221 2029 5296 leniatis
2043 5221 2112 5302 hoc

112 5297 432 5460 tlxtttttt'
440 5291 1077 5454 ’.ΞὲὝὲ”ἰ.ξέἓζᾙ“ἒί.ζ”ἑξῗ.ἰῖἶ“ῒ.....
1127 5327 1326 5416 ...guaa
1385 5323 1483 5396 ΒΜ
1504 5325 1628 5396 m...
1685 5319 1753 5394 ¹³¹0
1778 5321 1841 5398 2⁷·
1861 5321 2008 5412 theti·
2040 5351 2113 5426 ‹a›

150 5457 212 5514 run.
227 5455 325 5526 uss,
343 5450 614 5527 pura-...euna
628 5449 659 5504 aa
673 5447 800 5510 mursa.
1004 5481 1009 5490 -
1127 5442 1209 5499 anre
1233 5451 1345 5499 annos
1373 5421 1470 5504 1521
1498 5427 1592 5500 filios
1611 5421 1680 5498 Dei
1702 5447 1743 5494 ex
1764 5438 1879 5500 morra
1903 5429 2049 5520 nahra,
2081 5444 2118 5505 rt

82 5537 266 5605 hlasana.
282 5535 393 5600 Oeen.
405 5531 488 5596 vu..
504 5521 605 5595 Vlll.
1687 5528 1738 5602 29
