4688 5822
234 225 314 302 ose
802 215 1235 298 urrsroaanuu
1288 219 1513 341 staura
1568 220 1700 304 sese.
2192 225 2263 298 no

238 417 243 428 ¹
340 395 495 486 Quartus
510 385 948 483 praesentiaeDeimodus
963 407 1034 482 est,
1059 411 1225 488 praesen-
1278 399 1350 470 vita
1373 397 1562 468 dissimiles
1583 398 1655 470 sint
1677 399 1789 484 cives,
1821 398 1915 482 sani,
1948 396 2104 490 aegroti,
2129 397 2265 482 dociles,

239 505 288 572 tia
311 494 616 576 sanctificationis,
649 493 765 588 qualis
796 497 909 568 estin
937 499 1067 568 renatis
1091 498 1128 566 in
1160 491 1226 568 hac
1281 499 1420 581 vitiosi,
1449 501 1645 586 sanabiles,
1678 513 1714 572 et
1737 499 1961 573 insanabiles.
2021 498 2064 570 ln
2087 497 2152 570 tali
2171 512 2264 570 coetu

238 700 541 776 conservationem
567 697 866 784 substantiarum,
883 701 961 770 'scd
985 725 1056 796 quo
1079 702 1122 770 ad
1147 721 1228 770 san·
1281 702 1431 795 dubium
1471 715 1541 790 εει,
1587 715 1621 772 ει
1649 728 1718 774 vox
1758 703 1880 773 divina
1913 701 2098 774 constituit
2131 703 2268 776 iudicia.

239 803 496 875 ctificatione'nr.
556 797 660 869 Pater
692 815 726 868 et
756 799 849 868 filius
883 800 1229 894 spirant,Spiritum
1283 795 1406 894 Quare
1420 805 1463 874 de
1478 799 1547 874 hoc
1563 828 1673 874 nervo
1688 803 1866 895 legitimae
1883 803 2186 895 congregationis,
2211 829 2269 874 ne-

240 921 401 978 sanctum
423 903 461 972 iu
484 925 546 974 cor
566 901 759 986 credentis,
785 925 856 994 quo
880 904 1077 975 excitantur
1098 899 1231 974 laetitia
1284 930 1376 978 cesse
1394 919 1463 992 est,
1485 917 1579 976 recte
1598 905 1732 977 erudiri
1753 901 1927 982 homines.
1977 904 2141 978 Primum
2158 918 2269 978 autern

240 1008 424 1087 iucunde,
451 1003 820 1096 etaliibonimotus.
872 1001 1026 1093 Quando
1042 1003 1158 1075 David
1174 1027 1232 1074 ar·
1284 1009 1437 1078 discerni
1461 1020 1600 1100 oportet
1628 1007 1763 1080 indices
1785 1008 1949 1102 politicos
1969 1009 2015 1078 ab
2036 1003 2270 1098 Evangelicis.

241 1111 364 1201 guitur
378 1131 463 1176 voce
476 1094 636 1190 Nathan,
662 1103 768 1174 simul
784 1105 892 1176 verbo
907 1121 941 1178 ει
957 1107 1093 1198 Spiritu
1110 1119 1231 1176 sancto
1285 1109 1373 1180 Vult
1387 1108 1483 1181 Deus
1505 1111 1616 1202 legem
1632 1131 1731 1180 suam
1748 1110 1931 1180 rectricem
1947 1132 2021 1179 esse
2041 1110 2183 1200 generis
2208 1103 2271 1178 hu·

241 1213 370 1283 teritur
385 1204 614 1291 corDavidis,
640 1220 673 1276 et
688 1205 809 1277 audita
826 1210 1069 1280 consolatione
1086 1203 1107 1280 ὁ
1124 1200 1234 1307 λόγος
1286 1211 1393 1292 mani,
1419 1211 1497 1281 vult
1509 1206 1548 1278 in
1562 1211 1685 1302 poenis
1700 1211 1856 1303 conspici
1869 1211 2067 1282 testimonia
2081 1211 2270 1300 providen-

242 1313 331 1384 ‹licit
345 1308 623 1384 consolationem
641 1307 681 1379 in
698 1309 820 1394 corde,
845 1323 880 1380 el
892 1311 1043 1382 effundit
1059 1309 1232 1400 Spiritum
1285 1313 1354 1384 tiae
1372 1331 1406 1383 et
1430 1313 1585 1386 institiae
1602 1335 1702 1398 suae,
1727 1315 1804 1384 vult
1820 1327 1854 1384 et
1868 1313 2068 1384 societatem
2087 1307 2272 1382 bominum

241 1427 414 1490 sanctum.
466 1406 515 1482 Et
532 1424 622 1483 recte
647 1409 798 1494 dicitur,
821 1406 987 1508 Spiritus
1008 1417 1159 1482 sanetus
1182 1417 1233 1480 cst
1287 1414 1498 1488 conservari.
1550 1411 1599 1484 Ut
1620 1414 1729 1504 igitur
1752 1415 1807 1484 lex
1828 1437 1902 1485 non
1919 1414 1965 1486 sit
1986 1413 2106 1484 inanis
2129 1415 2272 1498 sonitus,

242 1519 283 1586 in
298 1504 576 1592 cardeDavidis
593 1507 846 1586 essentialiter.
880 1513 1070 1608 Nonquod
1090 1515 1233 1584 batuna
1286 1517 1385 1587 addit
1400 1517 1579 1588 custodem
1599 1529 1634 1587 et
1651 1529 1882 1602 executorem,
1907 1517 2041 1586 scilicet
2054 1510 2271 1610 Magistra-

243 1616 391 1688 essentia
409 1615 466 1684 vel
483 1637 632 1706 persona
647 1637 728 1684 cum
743 1610 893 1700 Davide,
915 1619 976 1686 sed
992 1629 1043 1686 est
1058 1617 1122 1702 ibi,
1142 1615 1233 1684 sient
1287 1627 1383 1706 tum,
1407 1641 1469 1688 sea
1492 1610 1666 1702 iudicem,
1691 1610 1851 1714 Regem,
1879 1639 1941 1688 sea
1963 1625 2188 1716 praetorem,
2211 1616 2274 1714 pai

241 1715 511 1810 gubernatorin
532 1713 616 1784 navi
638 1715 890 1806 separabiliter.
942 1715 1117 1788 Ettamen
1135 1719 1234 1786 adest
1287 1715 1397 1790 babet
1429 1715 1632 1814 legitimam
1655 1727 1867 1816 potestatem
1895 1713 2053 1790 vacandi
2074 1717 2187 1802 cives,
2219 1741 2271 1788 co-

242 1831 278 1891 tet
300 1821 375 1912 ipse
398 1840 562 1909 praesens
586 1839 648 1885 sua
669 1815 837 1901 essentia,
865 1831 898 1888 et
921 1834 972 1889 est
995 1819 1045 1888 ibi
1064 1818 1234 1909 singulari
1285 1815 1487 1917 gnoseendi
1517 1817 1798 1908 controversias,
1839 1829 1871 1890 et
1899 1815 2138 1891 diiudicandi
2168 1820 2271 1890 iuxta

243 1925 352 1993 modo
370 1921 489 1991 efficax
507 1920 552 1988 ad
569 1917 855 1990 consolationem.

249 2135 252 2143 ·
345 2089 405 2162 Sic
441 2111 515 2159 nou
548 2087 645 2159 adest
675 2084 772 2156 Deus
804 2085 934 2176 impiis.
985 2084 1032 2160 Et
1060 2087 1159 2159 aliud
1185 2102 1235 2159 est

243 2191 362 2274 Deum
375 2211 451 2262 esse
464 2187 616 2281 ubique,
642 2187 740 2256 aliud
758 2181 918 2258 habitare
939 2212 1020 2260 eum
1037 2191 1079 2264 in
1094 2191 1234 2262 sanetis.

243 2292 428 2390 Habitatio
452 2289 601 2376 dicitur,
627 2310 707 2359 curn
731 2307 806 2358 uon
824 2290 940 2360 solum
956 2291 1055 2362 adest
1072 2315 1236 2383 praeseu-

243 2399 292 2468 tia
317 2392 530 2477 universali,
556 2392 616 2460 sed
641 2390 937 2478 sanctificatione,
961 2407 1002 2464 ut
1022 2393 1234 2467 insecundo

209 2529 212 2534 ·
244 2513 279 2584 et
297 2507 424 2591 quarto
440 2493 548 2566 modo
564 2488 624 2564 hic
638 2491 794 2564 recitavi.
844 2488 894 2564 Ει
909 2494 962 2567 sic
972 2495 1128 2566 dicimur
1142 2509 1236 2570 tem-

242 2602 302 2692 pla
324 2595 412 2682 Dei,
450 2609 485 2669 et
510 2590 581 2666 huc
607 2593 787 2685 persistent
815 2594 926 2666 dicta:
964 2592 1162 2669 Veniemus
1184 2594 1241 2668 ad

243 2719 343 2780 eam,
369 2706 401 2768 et
417 2695 645 2782 mansionem
670 2689 775 2791 apud
795 2715 872 2764 eum
887 2695 1085 2794 faciemus.
1138 2697 1237 2786 Item,

243 2801 350 2876 Rom.
361 2799 396 2874 8.
412 2813 446 2870 ct
463 2799 549 2870 alibi
566 2821 672 2890 saepe
680 2799 834 2890 πνεῦμα
853 2797 948 2872 θεοῦ
967 2799 1007 2874 ia
1019 2795 1140 2894 tibist(

250 2965 258 2974 “
343 2957 399 3031 De
414 2955 565 3031 heroicis
581 2961 735 3032 motibus
752 2961 955 3053 impiorum,
980 2981 1021 3038 nt
1036 2965 1079 3034 de
1093 2951 1238 3035 sortitu·

245 3063 330 3131 dine
348 3056 499 3131 Achillis
521 3089 645 3133 verum
668 3078 737 3144 est,
763 3087 836 3134 esse
861 3089 920 3135 eos
946 3067 1038 3135 dona
1065 3065 1178 3136 creata
1199 3067 1237 3136 in

248 3163 379 3236 talibus
405 3163 501 3236 viris.
565 3163 667 3236 Sicut
697 3165 809 3236 robur
835 3168 993 3258 corporis
1025 3181 1077 3236 est
1101 3169 1238 3238 donum

247 3279 403 3336 meatum
428 3260 538 3334 allco
560 3265 599 3334 in
615 3263 787 3352 Hercule,
812 3267 870 3337 vel
891 3269 981 3338 acies
995 3269 1181 3340 oculorum
1198 3269 1238 3337 in

182 3404 192 3420 ·
246 3365 408 3459 Lynceo,
434 3368 494 3436 sed
511 3379 656 3459 propter
675 3361 762 3436 haec
777 3370 872 3438 dona
886 3393 961 3437 non
982 3371 1151 3440 dicuntur
1173 3365 1238 3440 ha-

246 3469 330 3541 bere
347 3466 522 3560 Spiritum
538 3482 711 3548 sanctum.
748 3467 821 3540 Nec
836 3485 888 3540 est
903 3473 1065 3541 facienda
1077 3471 1238 3543 contusis

246 3564 486 3643 Etbuicorum
507 3587 543 3642 et
558 3567 746 3644 Ecclesiae.
796 3569 942 3642 Habeas
959 3571 1135 3664 Spiritum
1156 3594 1240 3644 san-

244 3687 360 3754 ctum,
392 3671 602 3763 intelligitur
617 3667 748 3742 babere
763 3673 813 3743 sic
828 3691 1047 3762 moventem,
1077 3690 1118 3747 ut
1132 3677 1238 3746 simul

246 3785 458 3861 agnoscatur
485 3789 517 3846 et
541 3774 711 3863 diligatur
733 3771 840 3852 Deus.
892 3773 943 3846 lli
963 3779 1100 3870 proprii
1119 3792 1238 3849 motus

120 3871 124 3880 ’
245 3875 493 3948 attribuuntur
510 3876 712 3946 immediate
727 3875 877 3969 Spiritui
894 3877 1026 3953 sanctoss
1114 3928 1117 3936 ι

240 604 323 674 rita.
374 593 440 671 Est
460 611 576 688 autem
600 595 797 692 praesentia
820 621 894 668 non
927 611 1067 670 tantum
1090 623 1161 694 quo
1183 598 1226 666 ad
1280 601 1596 692 gubernatoribus,
1621 601 1763 674 iudiciis
1777 615 1810 674 et
1825 601 1951 692 poenis
1965 623 2055 692 opus
2070 624 2160 684 esse,
2180 597 2266 671 nihil

2329 2459 2330 2496 l

2329 3183 2330 3216 l

1289 1921 1384 2018 leges
1415 1918 1582 2008 diuinas,
1612 1931 1643 1993 et
1670 1913 1763 2006 bas,
1797 1947 1891 2021 puae
1919 1919 2112 2022 probabili
2135 1921 2272 1991 ratione

1290 2024 1391 2120 regia
1417 2023 1616 2096 autoritate
1638 2017 1792 2095 additae
1814 2033 1917 2110 sunt,
1940 2033 1971 2094 et
1994 2019 2051 2093 vel
2070 2017 2274 2118 corrigendi

1288 2121 1476 2198 humanas
1491 2121 1586 2220 leges
1599 2123 1791 2224 probabili
1809 2125 1972 2214 ratione,
1998 2123 2055 2194 ael
2068 2120 2193 2197 dubiis
2207 2119 2272 2193 ad-

1289 2224 1403 2300 dendi
1416 2226 1749 2326 interpretationes,
1772 2251 1866 2328 quae
1881 2225 2003 2300 valent
2014 2236 2163 2324 propter
2177 2223 2272 2298 ordi·

1288 2330 1349 2402 uis
1372 2329 1624 2402 autoritatems
1651 2327 1774 2400 Habet
1796 2329 1879 2400 item
1902 2336 2115 2426 potestatem
2140 2329 2177 2400 ai
2198 2355 2271 2400 eor-

1287 2429 1417 2532 porali
1429 2427 1598 2526 cogendi,
1621 2427 1816 2519 coercendi,
1842 2441 1873 2502 et
1890 2425 2132 2524 interficiendi
2146 2442 2272 2504 santes.
2329 2417 2330 2456 ³

1288 2535 1385 2606 Haec
1404 2535 1564 2606 delinitio
1589 2549 1639 2604 est
1662 2535 1788 2606 indicis
1807 2536 1945 2626 politici
1970 2535 2006 2602 in
2038 2557 2184 2626 genere,
2214 2557 2270 2606 seu

1289 2637 1398 2728 Regis
1412 2661 1471 2707 seu
1488 2637 1667 2728 praetoris.

1390 2799 1439 2875 Ut
1468 2814 1585 2872 autem
1609 2800 1758 2872 Titanes
1785 2801 1884 2872 coelo
1908 2801 2041 2874 bellum
2067 2806 2271 2883 intulerunt,

1288 2906 1337 2976 ita
1361 2904 1465 2974 multi
1485 2905 1551 2973 feri
1569 2898 1731 2973 homines
1751 2919 1880 2990 ruunt,
1906 2930 1975 2999 (pua
1995 2931 2116 2976 macae
2139 2907 2272 2999 cupidi-

1290 3020 1376 3078 tates
1399 3006 1605 3099 impellunt,
1627 3015 1661 3074 et
1683 3005 1840 3096 fingunt,
1866 3001 1958 3076 nihil
1982 3033 2055 3078 esse
2069 3008 2201 3092 Deum,
2226 3009 2270 3077 le-

1289 3131 1367 3198 gem
1383 3132 1458 3176 non
1475 3129 1547 3176 esse
1564 3108 1771 3199 sapientiam
1782 3105 1861 3187 Dei,
1879 3122 1913 3179 ει
1925 3110 2087 3178 ordinem
2106 3109 2273 3196 divinum,
2329 3125 2330 3180 t

1289 3210 1441 3281 iudicem
1463 3233 1537 3277 nou
1559 3209 1730 3280 divinitus
1752 3209 1915 3278 additum
1939 3235 2012 3283 esse
2036 3211 2192 3300 legibus,
2218 3213 2269 3280 sed

1290 3307 1512 3382 haecomnia
1535 3310 1818 3381 terriculamenta
1836 3334 1910 3380 esse
1934 3313 2127 3384 calliditate
2149 3337 2272 3406 pauon-

1292 3413 1371 3483 rurn¹
1389 3411 1597 3502 excogitata,
1621 3425 1661 3482 ut
1677 3412 1917 3484 multitudiuis
1938 3415 2094 3505 potentia
2118 3408 2176 3484 bis
2190 3439 2273 3508 qua·

1291 3617 1469 3706 Titanum
1488 3631 1521 3687 ct
1541 3613 1735 3711 Cyclopum
1764 3615 1952 3709 opiniones
1975 3619 2209 3690 monstranda
2229 3632 2275 3688 est

1291 3720 1421 3790 scenitas
1445 3719 1491 3787 de
1503 3715 1580 3796 Deo
1602 3720 1699 3788 etde
1718 3717 1814 3807 lege,
1847 3741 1938 3811 quae
1953 3732 2006 3794 est
2021 3720 2197 3812 sapientia
2211 3716 2272 3790 Dei

1292 3835 1432 3892 aeterna
1454 3833 1488 3889 et
1513 3819 1676 3904 immota,
1702 3833 1734 3888 et
1751 3819 1972 3888 defendenda
1995 3834 2047 3892 est
2068 3821 2273 3912 gloriaDei.

1293 3921 1492 3994 Sumsimus
1510 3921 1619 4009 igitur
1630 3921 1871 3990 definitionem
1890 3921 2018 3992 iudicis
2033 3947 2074 3992 ex
2089 3923 2185 3992 veris
2200 3925 2275 3994 soo-

1293 4026 1407 4109 tibus,
1447 4047 1536 4116 quae
1560 4022 1703 4116 quidem
1734 4021 1840 4112 longa
1865 4023 2024 4093 oratioue
2049 4023 2222 4095 illustrari
2244 4037 2274 4093 et

1163 4205 1180 4233 ,Ι
1206 4181 1216 4212 ,,
1294 4125 1495 4199 confirmari
1526 4137 1661 4214 posset,
1703 4125 1763 4192 sed
1788 4137 1984 4194 cernuntur
2008 4127 2127 4199 fontes
2145 4128 2192 4196 ab
2213 4121 2274 4206 bis,

963 4396 968 4410 Ι
1026 4359 1057 4399 μ
1109 4328 1227 4410 pbr.

245 4307 473 4437 aaut·
1122 4417 1240 4444 Ν,

442 4517 537 4620 <ue
568 4482 1065 4632 atdrausuanaaat'
1218 4605 1222 4612 ,

316 4691 382 4748 net.
404 4691 853 4770 conett.ln.t³.tt.p.199sqq.
962 4753 967 4762 ,
1003 4699 1011 4716 ·

246 4865 314 4942 De
345 4864 554 4980 uindiciis
597 4869 643 4939 ia
680 4865 902 4942 Ecclesia
934 4853 1239 4966 necessariiu

365 5005 367 5010 '
404 4978 538 5060 'Pirib
564 4983 754 5059 Melantb.
808 4986 916 5060 Anno
946 4993 1071 5066 teta*

246 5139 289 5224 N
293 5177 340 5222 on
365 5135 547 5246 loquimur
568 5153 612 5225 de
625 5149 803 5239 Ecclesia,
819 5165 869 5226 'ut
889 5157 933 5226 de
945 5120 1030 5230 idea
1047 5110 1240 5254 ulamma

248 5258 309 5345 sed
327 5269 464 5326 coetum
483 5253 656 5332 risibilem
672 5270 918 5344 trionstramus,
935 5261 996 5354 qui
1012 5267 1241 5359 certissi'gnis

247 5359 460 5429 discernitur
474 5357 518 5427 ab
536 5357 614 5428 aliis
630 5351 854 5460 hontinibus,
881 5362 921 5430 iu
934 5387 1005 5457 qno
1023 5371 1158 5440 carmin
1172 5368 1242 5445 lratt

1082 4231 1085 4238 ’
1210 4228 1217 4242 “
1294 4227 1450 4321 quinon
1474 4237 1558 4295 sunt
1578 4219 1695 4295 hostes
1704 4223 1794 4310 uei,
1821 4249 1885 4295 nec
1908 4225 2226 4299 demonstrationes
2246 4239 2274 4298 et

1290 3517 1526 3608 libuscunque
1539 3513 1689 3583 vinculis
1705 3513 1929 3606 reprimatur.
1966 3514 2036 3586 Sed
2053 3530 2178 3586 contra
2195 3518 2274 3588 tales

2329 4389 2330 4464 l

1293 4329 1477 4398 manifesta
1491 4325 1558 4397 Dei
1574 4325 1776 4432 testimpuia
1790 4342 2034 4432 aspernantur.
2049 4418 2054 4438 κ

1360 4529 1362 4532 .
1393 4491 1458 4566 Εει
1482 4508 1597 4564 autern
1619 4463 1702 4590 sirus
1720 4495 1823 4595 iocus
1837 4495 1962 4598 'quiii
1978 4495 2122 4586 politico
2145 4512 2180 4596 et
2200 4523 2275 4591 pm.

1294 4599 1412 4690 prium
1437 4621 1585 4682 ustinus,
1619 4601 1786 4686 inagnum
1811 4586 1900 4666 illud
1919 4597 2060 4690 quidem
2078 4613 2112 4668 ct
2128 4597 2274 4684 difficile,

1056 4790 1059 4799 ‚
1182 4694 1186 4705 ’
1295 4715 1329 4770 et
1348 4701 1490 4792 plenum
1506 4699 1701 4787 ingentium
1720 4699 1967 4788 certaminum,
1992 4699 2031 4766 in
2045 4699 2177 4792 quibus
2192 4704 2275 4772 veri-

1293 4817 1346 4872 tas
1371 4815 1403 4870 ει
1434 4800 1604 4890 sapientia
1628 4815 1751 4870 contra
1776 4799 2027 4880 uscudaciaaet
2042 4797 2274 4892 sophisticas,
2329 4829 2330 4880 t

1295 4903 1579 4986 tonitrunm
1596 4901 1837 4986 iniustitiam,
1875 4902 2078 4994 εεεὶειιιεε.
2104 4903 2217 4993 tan,
2244 4921 2273 4976 et

1294 5005 1432 5076 sortiter
1448 5006 1705 5148 propugnarpda
1725 5015 1786 5072 est.
2009 5039 2013 5046 ·
2043 5006 2066 5048 ·'
2090 5001 2114 5046 ³1·

1337 5101 1402 5156 εει-ε’,
1428 5103 1461 5154 “eil
1495 5101 1526 5159 ,’“
1549 5097 1581 5146 ιι.
1606 5101 1640 5148 '‘ri
1677 5117 1767 5148 eus«.
1787 5095 1804 5111 .,
1834 5117 1840 5133 ⁸
1869 5095 1904 5146 'tt''
1957 5099 2047 5148 ⁴'..t¹‘.
2072 5117 2100 5144 ι·ι
2242 5138 2245 5146 ,

1295 5125 1306 5156 ⁸
1394 5170 1608 5261 Quanquam
1634 5181 1749 5238 autem
1772 5165 1892 5258 aliqua
1910 5131 2176 5242 similitudoest
2190 5173 2269 5241 iudi·
2329 5147 2330 5230 i

1294 5273 1344 5342 cis
1362 5267 1584 5360 Evangelici,
1616 5284 1733 5338 tamen
1756 5266 1947 5337 disctimcn
1967 5263 2269 5360 itlieffi'glaeeee'se

1293 5387 1365 5460 est,
1391 5375 1512 5467 quain
1530 5397 1567 5441 re
1582 5369 1875 5463 saepebttunmt
1891 5364 2064 5444 bomem
2089 5404 2094 5414 ·
2119 5394 2135 5416 ε
