4712 5828
236 259 313 334 rto
808 236 1241 320 nrrsroranusr
1294 237 1401 321 nto.
1434 241 1515 322 xrs.
1571 241 1703 323 aare.
1774 211 1794 324 J
2205 247 2275 320 aaa

244 451 346 522 saepe
367 437 399 496 et
422 421 583 493 alios-nti
609 419 732 489 iubeo:
757 413 979 514 συμβουλὴν
1002 409 1157 518 ἀγαθὴν
1173 409 1237 488 καὶ
1291 411 1430 488 Maiora
1444 419 1592 490 attiners
1606 419 1753 490 luerunt
1775 417 1816 488 itt
1834 413 1982 506 Adam,
2008 417 2132 503 Hero,
2157 413 2273 487 Daoi-

247 522 433 630 ἀφορμάς,
461 513 636 616 εὐτυχίαν
648 544 689 592 τε
703 513 966 616 συμβουλεύω
988 515 1071 614 ἐμοὶ
1085 513 1153 599 δὸς
1166 541 1239 589 nor-
1292 511 1350 605 de,
1385 535 1532 617 propter
1553 521 1708 592 liliorum
1734 522 1852 594 tristes
1871 546 1990 608 casus,
2017 517 2149 612 cogites
2175 525 2274 592 etiam

247 630 334 730 τρὸς
348 623 486 703 ἀϊδίου.
542 623 653 694 Mitto
677 624 742 692 tibi
768 647 909 694 carmen
935 623 1076 693 deriso
1102 621 1239 712 optimo
1292 615 1451 691 Mariae
1473 623 1625 698 dolores.
1675 621 1793 694 Tuom
1816 625 2025 696 concionem
2041 624 2142 696 brevi
2167 627 2274 708 edam,

250 734 411 828 principe
427 723 589 821 Georgio
602 717 833 812 Anholtino,
858 736 1014 820 quemet
1038 723 1110 796 tuis
1129 721 1240 794 musis
1292 748 1333 794 ac
1354 725 1506 796 inteiam
1521 727 1719 798 doctrinam
1742 727 1787 796 de
1802 725 2126 812 consolationibus,
2152 739 2187 796 et
2207 727 2276 796 dis·

252 835 445 931 aliquando
463 829 634 900 celebrari
650 827 769 903 velim.
821 825 918 898 Bene
933 841 968 898 et
983 827 1136 898 feliciter
1151 823 1240 898 vale.
1292 827 1439 896 crimine
1457 823 1790 920 Philosopbicarum
1805 829 2090 900 consolationum
2104 841 2140 896 et
2153 825 2273 898 Evau-

133 939 138 948 ’
248 937 318 1010 Die
334 931 574 1007 conversionis
590 928 704 1003 Pauli.
1292 928 1494 1016 gelicarum.
1552 928 1659 1000 Mitto
1681 930 1835 1022 pagellas
1857 945 1892 1001 ct
1914 931 2052 1002 mittam
2075 931 2178 1000 brevi
2203 931 2277 1022 plu-

1293 1053 1359 1100 res.
1406 1026 1578 1122 Exempla
1596 1032 1701 1102 etiam
1720 1048 1800 1104 tuae
1815 1033 2008 1106 concionis.
2056 1029 2189 1102 Versus
2201 1025 2277 1123 napi

1042 1169 1233 1186 ----
1292 1127 1527 1230 popynpidoc
1549 1128 1639 1202 mihi
1660 1157 1764 1204 curae
1780 1148 1897 1210 eruut.
1947 1133 2151 1206 Benevale.
2203 1131 2281 1202 Pri-

1294 1233 1351 1304 die
1372 1231 1548 1305 Calendas
1572 1233 1771 1310 Februarii.
1819 1234 1977 1308 Salutem
2001 1249 2085 1330 opto
2110 1223 2279 1332 Cosporo

252 1337 317 1408 No.
334 1330 446 1410 56³⁵.
1090 1339 1147 1402 80·
1171 1329 1235 1399 len.
1294 1349 1330 1407 et
1347 1335 1447 1406 vobis
1463 1337 1645 1412 omnibus.

257 1430 428 1464 Μ
1063 1424 1235 1454 Μ

569 1527 626 1612 11.
651 1527 861 1611 Wcllero.

321 1691 404 1764 spru.
425 1688 472 1742 trs.
487 1683 521 1744 u.
539 1704 566 1757 ρ.
580 1683 639 1740 aaa.
658 1684 713 1753 (aa.
727 1681 817 1737 nona.
837 1680 883 1737 tta.
901 1680 935 1736 u.
953 1699 998 1753 ep.
1011 1679 1094 1752 assu.
1285 1719 1372 1794 ‚Nu
1389 1718 1504 1796 55³7.

430 1837 485 1911 D.
511 1837 801 1934 Hieronymo
834 1833 1052 1910 Wellero
1304 1817 1518 1857 Μ
1618 1829 1622 1838 ’

250 1987 301 2078 S·
328 1997 373 2072 D.
424 1993 635 2068 Reverende
657 1993 713 2061 vir
732 2006 768 2064 et
789 1986 1137 2075 charissimefrater‚
1188 1987 1241 2060 De
1625 1919 1678 2009 Β
1704 1921 1958 2094 mimum

253 2101 373 2176 charte
387 2099 493 2168 missa
508 2112 539 2167 et
556 2095 703 2166 Senatui
720 2108 834 2164 vestro
859 2107 891 2163 ct
914 2093 981 2164 tibi
1002 2093 1151 2181 gratiam
1179 2087 1242 2160 ba-
1396 2076 1418 2146 i
1440 2076 1477 2132 Ε*
1491 2095 1585 2149 ῬΨ·
1602 2079 1631 2134 ¹³
1644 2077 1707 2137 ⁶⁰³·
1722 2078 1807 2136 ¹²⁰¹·-
1821 2079 1856 2136 ὓ·
1868 2077 1900 2134 ¹⁴·
1916 2081 1982 2134 ⁶⁴³·

253 2200 378 2296 beel).
428 2197 499 2275 Sed
522 2198 673 2290 optarim
697 2217 770 2264 esse
797 2190 955 2265 chartam
978 2196 1179 2264 densiorem
1207 2208 1242 2263 et
1335 2225 1475 2304 pem
1504 2229 1761 2310 Vinctum

253 2306 468 2388 firmiorem,
489 2299 630 2394 qualem
648 2311 749 2367 antea
766 2297 841 2366 vidi
858 2297 936 2367 istic
951 2299 1088 2366 saetam.
1130 2293 1241 2365 Grata
1716 2261 1730 2306 ⁸

255 2424 374 2482 tamen
394 2417 445 2474 est
465 2403 522 2496 pia
543 2400 706 2470 voluntas
729 2413 856 2473 vestra.
906 2395 945 2470 Si
961 2413 1038 2468 tuas
1054 2397 1242 2468 conciones

255 2501 466 2606 typographi
481 2497 559 2587 hic,
580 2515 620 2572 ut
635 2513 718 2570 sunt
735 2499 861 2570 insulsi
878 2511 912 2569 et
929 2501 1078 2584 morosi,
1094 2524 1168 2568 non
1183 2525 1243 2568 ex·
1294 2471 1343 2560 S·
1370 2485 1417 2560 D.
1466 2483 1670 2556 Clarissimo
1685 2489 1792 2560 viret
1807 2491 2151 2568 earbs.lrater..Esr
2169 2502 2284 2567 oroni-

252 2613 405 2694 cudent‚
435 2605 565 2678 curabo
597 2615 637 2676 ut
660 2593 962 2701 Francosordioe
995 2615 1056 2672 aut
1085 2593 1243 2697 Lipsiae
1295 2613 1343 2658 no
1366 2587 1541 2658 excellens
1564 2589 1603 2657 in
1626 2583 1849 2687 Birgero')
1875 2607 2001 2664 natura
2029 2612 2063 2666 et
2087 2599 2224 2682 virtus,
2254 2617 2284 2670 et

232 2706 418 2784 'edwium
477 2703 585 2776 Mirm
617 2703 770 2796 pagellas
794 2717 970 2788 recentes,
1005 2727 1094 2796 quae
1115 2717 1243 2772 arcun.
1295 2685 1388 2762 hene
1412 2691 1554 2762 ornavit
1577 2692 1793 2762 eruditiones
1818 2719 1927 2786 qnare
1943 2721 2024 2766 eum
2040 2699 2144 2770 valde
2166 2705 2285 2793 diligo,

256 2838 325 2910 que
339 2827 371 2884 et
387 2805 601 2880 Academiae
624 2804 741 2875 studia
764 2819 798 2874 et
821 2817 961 2873 nostros
982 2805 1123 2882 dolores
1147 2803 1243 2872 indi·
1295 2805 1331 2862 el
1350 2815 1472 2883 ῦΡθῐῠ,
1510 2789 1689 2862 Ecclesiae
1711 2809 1746 2864 et
1768 2791 2003 2887 Reipublicae
2024 2803 2104 2870 usui
2124 2805 2284 2876 fraternam

255 2929 348 2990 cant.
398 2909 496 2982 Bene
522 2907 609 2981 vale.
660 2903 728 2976 Die
752 2907 814 2982 50.
833 2903 1001 2978 Ianuarii.
1055 2905 1156 2976 Tuus
1184 2931 1245 2974 co·
1296 2917 1381 2966 2⁸⁸0·
1430 2888 1621 2964 Elslfflim
1635 2917 1802 2984 magnum
1819 2898 1949 2968 vulnus
1973 2897 2287 3001 mihiquoquefe·

253 3029 382 3110 gnatus
397 3011 501 3084 nobis
518 3031 622 3079 curae
640 3009 717 3084 erit,
1297 2997 1345 3066 cit
1360 2994 1647 3082 eiuscalamitas,
1672 3011 1808 3083 umen,
1829 3023 1910 3070 cum
1933 3001 2032 3072 Deus
2060 3029 2143 3076 eum
2173 3011 2286 3078 mani-

1297 3099 1383 3167 feste
1402 3099 1611 3182 servaverit,
1634 3121 1739 3190 spero
1754 3101 1862 3172 vitam
1879 3103 1953 3172 eius
1970 3117 2089 3176 tamen
2106 3107 2288 3182 Ecclesiae

1297 3197 1423 3270 utilem
1442 3199 1530 3270 lore.
1579 3197 1690 3270 Miles
1706 3225 1781 3272 non
1796 3201 1956 3276 irritatus
1972 3207 2017 3276 ab
2040 3209 2117 3300 ipso
2133 3213 2288 3284 fulmina

1298 3300 1485 3390 globorum
1509 3301 1547 3370 in
1570 3325 1650 3372 eum
1665 3302 1857 3378 eiaculatus
1875 3320 1941 3390 est,
1964 3310 2098 3400 quibus
2122 3313 2174 3384 ita
2199 3317 2289 3386 laesa

253 3415 321 3488 No,
348 3407 462 3492 5556.
1102 3421 1160 3484 st.
1171 3410 1235 3480 len.
1298 3415 1383 3472 sunt
1397 3401 1531 3472 sinistri
1550 3397 1689 3474 brachii
1705 3427 1802 3490 ossa,
1818 3420 1857 3476 ut
1875 3411 2029 3496 praecidi
2047 3427 2188 3502 partem
2208 3419 2287 3489 bra·

254 3509 464 3545 m
1077 3501 1248 3530 Μ
1297 3499 1372 3574 chii
1387 3505 1597 3594 oportuerit.
1648 3501 1727 3576 Oro
1744 3507 1856 3580 filium
1873 3508 1957 3596 Dei,
1983 3525 2024 3583 ut
2042 3515 2153 3588 leniat
2168 3523 2288 3612 publi-

495 3675 500 3680 .
566 3593 632 3681 Ῑθ.
662 3591 927 3680 Muttdeaio.
1301 3629 1358 3676 cas
1374 3617 1408 3676 et
1423 3604 1580 3694 privatas
1595 3606 1819 3680 calamitates.

322 3755 408 3825 span.
425 3753 472 3808 trs.
489 3751 521 3811 tr.
539 3771 566 3824 ρ.
586 3746 930 3821 rot.(ea.t.0na.tis.1t.
947 3765 989 3820 ep.
1006 3747 1073 3814 se).
1346 3723 1353 3732 ·
1400 3703 1456 3776 De
1468 3705 1541 3778 filio
1555 3705 1600 3778 D.
1612 3701 1813 3782 Valentini
1823 3712 1940 3784 scribo
1957 3719 2003 3785 ad
2019 3731 2167 3808 patrem.
2221 3723 2292 3794 N..

1300 3821 1381 3878 tura
1402 3809 1498 3878 bona
1527 3821 1598 3890 est,
1632 3824 1666 3882 ct
1690 3825 1783 3883 recte
1805 3814 1909 3888 discit
1931 3819 2085 3909 optimas
2106 3839 2225 3910 artes,
2261 3845 2292 3899 et

443 3899 497 3972 D.
525 3895 742 3972 Iohanni
766 3893 823 3970 M
829 3893 1041 3970 otthesio
1300 3909 1527 3980 mediocriter
1546 3935 1690 3982 carmen
1711 3915 1844 3986 scribit.
1906 3916 1947 3988 si
1972 3933 2105 4011 patrem
2132 3913 2301 4001 offendet*

1299 4023 1507 4101 sumptuum
1519 4013 1746 4104 magnitudo.
1775 4017 1861 4090 iecit
1871 4021 1969 4090 enirn
1984 4047 2059 4093 non
2074 4033 2293 4102 necessarios
2346 4031 2347 4060 ¹

1786 2231 2039 2334 (gubernanti
2065 2236 2246 2317 Scholom

1630 2327 1970 2440 Ludecensensem).

255 4041 305 4128 S·
322 4055 366 4131 l).
418 4051 630 4126 Reverende
648 4052 704 4120 vir
719 4065 752 4118 et
768 4046 972 4120 charissime
987 4053 1112 4133 scater,
1136 4049 1248 4143 Saepe

254 4160 292 4225 in
308 4157 514 4228 Precatioue
529 4157 572 4225 de
587 4179 662 4224 mea
677 4153 748 4222 filia
765 4153 803 4220 in
827 4153 965 4239 magnis
987 4153 1171 4222 doloribus
1188 4179 1248 4222 co·

256 4259 383 4348 gitavi,
409 4257 490 4332 ideo
514 4259 656 4327 insitam
681 4279 753 4324 csse
777 4249 942 4352 στοργήν
964 4267 1149 4343 parentum
1171 4279 1249 4326 cor-

256 4359 380 4441 dibus.
406 4372 447 4428 ut
467 4357 512 4426 sit
526 4356 839 4430 commouelaotrix
865 4357 909 4424 de
931 4379 1051 4423 amore
1074 4353 1141 4424 Dei
1169 4379 1247 4445 erga

256 4459 388 4530 Filium
404 4473 439 4530 et
457 4481 537 4546 erga
552 4449 638 4528 uon
679 4455 840 4528 Sentitur
857 4469 974 4528 aulem
999 4457 1113 4526 acrius
1129 4457 1169 4527 in
1183 4460 1249 4526 do·
1327 4520 1335 4535 ,
1915 4525 1923 4542 ⁹

256 4562 403 4632 rosso.
463 4560 549 4628 raso
566 4579 656 4627 mn
685 4561 810 4630 austro
842 4574 876 4628 re
899 4573 932 4628 et
962 4553 1246 4643 sanstissimae„
1299 4519 1534 4610 b¹⁸¹³³⁶⁰¹¹³⁵·
1584 4515 1965 4614 superemmens
1988 4533 2126 4622 prolixe
2149 4561 2293 4613 meeum

254 4663 439 4780 conictgcm
461 4677 558 4780 tuam
582 4659 620 4728 in
644 4681 774 4747 magno
800 4683 960 4772 moerore
995 4685 1068 4729 esse
1102 4676 1248 4752 propter
1298 4621 1652 4794 ἀΝἰδὶῗζέἓἪὶἰιξῐ
1673 4626 1817 4798 Ἲέἶέῃῗὶ*
1837 4634 2050 4804 Ιζηῧῑᾶὓῧῆ
2064 4637 2294 4785 loquebatur.

256 4766 358 4840 irlrolt
377 4763 653 4832 delormrtatem:
680 4755 727 4830 Et
746 4759 929 4829 vobiscum
947 4785 1028 4829 rere
1042 4761 1146 4831 doleo
1164 4785 1243 4853 pro·
1650 4751 1692 4820 ‘l’
1750 4752 1877 4800 ΗΜ
1939 4750 1988 4802 ‘²⁹
2031 4761 2186 4813 lmtstta.
2214 4746 2294 4815 rdeo

255 4883 334 4962 pter
361 4863 491 4936 inultas
514 4885 643 4934 causas.
704 4858 776 4934 Sed
796 4860 864 4932 scis
888 4861 1148 4950 moderandum
1175 4878 1247 4956 esse
1299 4824 1498 4993 {implum
1539 4826 1654 4900 mim·
1714 4827 1814 4903 ΒΜ
1845 4833 1924 4902 ”¹⁰
1957 4837 2136 4949 Wlsslm*
2169 4846 2295 4920 fralet·

254 4971 432 5052 dolorem,
458 4979 494 5036 et
508 4963 727 5058 quaerendas
745 4961 1023 5045 consolationes,
1051 4987 1137 5056 quas
1152 4961 1248 5045 Deus
1329 4927 1399 4996 ΠΛ·
1416 4923 1805 5025 C-‘llffllhfflili‘lffil-
1897 4987 1937 5011 ν.
1976 4994 1980 5002 ·
2092 5043 2101 5061 ·

254 5067 431 5144 Ecclesiae
466 5066 624 5138 tradidit.
676 5061 894 5138 Deformitas
919 5077 989 5148 est,
1015 5087 1105 5158 quae
1127 5077 1247 5139 tamen
1303 5060 1306 5113 3
1423 5089 1451 5121 ··
1533 5093 1550 5105 ··
1616 5056 1640 5089 ”
1665 5075 1699 5110 1·
1835 5094 1845 5178 ιτ
1922 5176 1925 5184 Ι
2032 5038 2243 5174 l’hrlippm.

255 5190 293 5246 ut
321 5195 422 5264 spero
446 5193 521 5243 non
547 5167 699 5238 multum
714 5167 883 5260 impediet
899 5163 1248 5244 pronunciationem.
1298 5155 1525 5216 *⁴⁶4³*-
1589 5195 1592 5207 ·

1334 5265 1362 5330 *t
1383 5263 1446 5322 Vid.
1466 5265 1499 5320 de
1518 5285 1551 5320 eo
1569 5268 1758 5324 testimonium
1779 5289 1861 5347 sopra
1879 5275 1906 5333 d.
1926 5277 1952 5336 6.
1973 5279 2029 5339 ian.
2048 5281 2150 5346 dotem.

1461 5373 1467 5406 t

1299 4125 1481 4204 sumptus,
1500 4114 1588 4184 utile
1603 4117 1939 4204 essetadolesoenti,
1964 4123 2004 4192 in
2028 4122 2151 4199 subole
2172 4133 2293 4229 aliqua
2346 4193 2347 4196 ,

1299 4215 1444 4299 docere,
1467 4215 1531 4286 ubi
1546 4232 1686 4310 cogeret
1701 4239 1782 4291 eum
1798 4221 1904 4292 officii
1928 4226 2019 4296 ratio
2034 4245 2218 4320 praestare
2240 4259 2294 4306 as-
2346 4227 2347 4230 ¹

1300 4316 1516 4388 siduitatcm.
1580 4315 1689 4390 Plura
1727 4344 1826 4390 nunc
1868 4325 2023 4398 scribere
2064 4355 2137 4402 non
2180 4339 2295 4429 potui.
2346 4319 2347 4336 ἵ

1300 4413 1441 4508 Quaeso
1455 4429 1497 4488 ut
1517 4415 1702 4492 Valentini
1724 4421 1842 4494 dolori
1860 4429 2044 4502 medearis.
2095 4433 2212 4510 Mitto
2234 4466 2296 4510 vo.

261 5331 477 5352 ιιι-αισι*

287 5415 317 5484 ⁶)
338 5411 398 5468 Vid.
415 5413 492 5483 epist.
510 5411 537 5466 d.
551 5407 673 5488 tepet.
690 5405 768 5464 1663.
