4682 5822
221 201 296 282 515
797 190 1235 276 urtsrotauttrt
1287 192 1397 274 utu.
1426 191 1512 276 xlt.
1561 190 1698 270 1556.
2189 185 2269 264 sto

226 380 360 452 aditum
376 377 423 448 ad
444 372 716 468 Rempnblicam
732 371 887 465 praebet.
930 369 1002 442 Nee
1018 393 1102 440 vero
1118 365 1216 460 quis
1267 365 1420 458 optarim
1433 365 1617 438 vobiscum
1635 389 1728 452 esse,
1752 389 1793 436 ac
1810 361 1918 438 bodie
1936 367 1982 440 ad
2001 385 2081 436 eum
2099 363 2270 447 scribam,

228 507 333 576 quam
359 479 470 550 estin
495 468 1064 564 hisregionibusboctempore,
1092 471 1152 562 qui
1178 469 1216 538 in
1267 483 1307 540 ut
1321 469 1539 540 voluntatem
1554 469 1630 538 eius
1647 469 1838 559 explorem.
1889 463 1991 537 Nihil
2008 468 2041 536 ei
2058 465 2170 537 obiici
2185 479 2269 558 pot·
2333 481 2334 486 ’

228 585 386 654 docendo
414 605 478 672 par
511 579 555 648 sit
582 570 742 668 Georgia
769 569 965 658 Fabricio,
1006 573 1217 655 eruditione,
1268 585 1336 653 est,
1361 571 1432 640 nisi
1447 573 1542 666 quod
1559 595 1633 642 non
1649 572 1772 640 acerbe
1788 594 1855 640 nos
1872 569 2101 654 criminatur,
2127 592 2194 638 nec
2209 568 2271 635 in·

230 684 398 763 consitio,
429 683 515 766 fide,
550 679 715 749 facultate
745 678 940 757 scribendi,
976 675 1217 745 moderatione
1269 673 1347 742 duit
1362 673 1475 742 aliena
1490 673 1582 746 odia.
1634 671 1776 762 Quaeso
1793 672 1901 762 igitur
1917 685 1956 742 ut
1977 683 2074 740 tuam
2092 666 2185 738 mibi
2203 695 2270 738 ro-

229 787 350 858 animi.
403 781 450 853 Et
464 784 606 852 fratrem
625 781 733 849 frater
746 778 914 848 imitatur.
955 775 1074 866 Quare
1092 789 1125 845 te
1141 797 1217 852 oro,
1270 775 1642 864 luntatemsignibces.
1694 771 1938 846 Tabellarium
1958 768 2052 844 bunc
2071 797 2151 842 meo
2169 795 2270 841 surn-

230 904 270 960 ut
284 882 525 955 Ehlebr'orum
541 881 686 954 utilitati
704 883 885 966 consulas,
916 893 950 948 et
967 872 1218 948 eosalocobo
1270 889 1333 968 ptu
1347 877 1391 945 ad
1408 899 1488 962 vos,
1513 891 1553 948 ut
1568 871 1729 946 Iacobus
1752 875 1895 967 petivit,
1921 875 2036 949 mitto.
2088 873 2215 963 Quare
2237 889 2271 944 et

231 989 367 1062 erudiri
392 1009 511 1066 cures,
548 983 631 1076 quia
665 1007 740 1052 non
765 983 867 1051 facile
893 981 985 1050 alius
1017 979 1219 1050 invenietur
1271 979 1314 1046 ad
1329 977 1444 1070 ipsum
1461 993 1493 1050 et
1510 981 1555 1049 ad
1570 1003 1627 1048 me
1642 977 1763 1050 literas
1779 977 1921 1048 dabitis.
1950 974 2155 1052 Benevale.
2192 972 2272 1046 Cal.

220 1107 303 1178 ,tem
326 1092 487 1160 idoneus.
544 1083 593 1155 Et
616 1083 797 1170 existimo,
830 1097 864 1153 te
886 1106 1028 1177 quoque
1052 1081 1219 1162 iudicare,
1271 1077 1424 1172 Augusti
1443 1074 1491 1176 *).

222 1194 299 1288 ¹tibi
317 1190 566 1282 gratitudinem
584 1187 686 1256 abeo
703 1186 890 1278 praestari,
910 1186 941 1254 si
958 1199 1036 1254 tuos
1053 1195 1219 1272 cognatos
2011 1174 2220 1272 Philippus,

233 1308 327 1366 recte
350 1285 503 1362 docebit.
562 1287 699 1358 Deinde
729 1289 883 1371 tribuas,
921 1287 1050 1370 veiim,
1083 1283 1218 1376 aliquid

178 1477 183 1488 ¹
234 1393 401 1466 honestae
418 1391 601 1483 cupiditati
616 1386 752 1461 Iacobi.
792 1387 954 1458 intuetur
970 1387 1088 1456 fratris
1104 1409 1220 1455 exem-

236 1501 354 1590 plum,
379 1509 433 1578 et,
459 1518 539 1562 cum
564 1491 707 1580 iugenio
722 1490 853 1575 valeat,
880 1490 1008 1582 expetit
1031 1501 1221 1558 consuetu-

236 1603 356 1669 dinem
373 1597 531 1664 virorum
549 1591 790 1686 eloquentium
809 1590 975 1662 initalia.
1022 1587 1220 1660 Meministi

236 1703 327 1772 illud
351 1701 394 1769 de
417 1694 650 1784 Argonautis,
675 1717 780 1787 quos,
805 1693 921 1786 inquit
945 1691 1071 1776 Poeta,
1103 1690 1222 1760 vocari

237 1805 283 1874 aa
305 1803 380 1894 ipsa
401 1799 532 1888 gloria,
557 1810 671 1867 eunte
693 1797 732 1864 in
753 1796 828 1888 ripa
851 1792 1024 1868 Phasidis.
1076 1791 1136 1864 sie
1154 1787 1221 1860 la.
1608 1741 1670 1828 D·
1698 1739 1936 1857 eddim·

239 1902 366 1976 cubum
393 1902 576 1970 incensum
605 1921 724 1968 amore
752 1899 933 1968 doctrinae
959 1912 1054 1968 stans
1080 1895 1117 1964 in
1146 1893 1222 1985 ripa
1341 1901 1391 1971 (Ει
1409 1900 1506 1960 David.
1525 1900 1652 1974 Chyrraet
1670 1901 1790 1974 epistota
1808 1901 1946 1976 preto.)

239 2007 383 2078 Tiberis
395 2003 503 2072 latina
520 2000 682 2070 facundia
698 1999 836 2068 invitat.
886 1999 1013 2086 Sperat
1026 2011 1161 2080 autem,
1189 2019 1224 2064 se
1664 2057 1671 2076 ‚
1725 2059 1731 2076 ,

240 2110 421 2178 aditurum
452 2126 525 2172 esse
556 2099 713 2186 ltaliam,
744 2103 773 2168 si
800 2097 972 2169 Eblebr'is
1002 2097 1224 2188 adiungatur.
1341 2125 1346 2132 ·
1541 2055 1728 2130 D‘W'd‘
1751 2054 2002 2156 Chylfm·

241 2209 344 2280 Hanc
359 2208 434 2276 05⁰⁵
456 2203 682 2294 cupiditatem
701 2227 742 2272 0⁰
761 2217 795 2272 ¹0
811 2205 1041 2294 probaturum
1057 2225 1130 2269 ⁰⁸⁵0
1148 2225 1225 2290 Spe·
1279 2189 1488 2280 clarissime
1503 2206 1557 2275 vir
1574 2220 1609 2276 et
1621 2208 1739 2280 cariss.
1756 2210 1875 2290 frater,
1901 2223 1982 2280 ante
1999 2208 2188 2280 octiduum
2206 2211 2275 2278 fnit
2333 2267 2334 2282 ,

243 2339 302 2396 ro,
336 2311 418 2404 quia
452 2305 592 2374 rediens
626 2306 704 2396 plus
731 2308 895 2396 prodesse
920 2302 1059 2373 Patriae
1087 2302 1227 2394 poterit,
1280 2305 1337 2377 hic
1351 2307 1555 2378 tabellarius
1568 2307 1777 2396 Brettauus‚
1804 2307 2274 2382 utGemminensemscho-

243 2401 897 2508 quamsi⁰9¹¹⁰i¹¹0³⁸⁶h⁰¹³t³⁰erili
919 2405 1112 2485 feline-iub
1138 2427 1227 2497 (11¹³e
1279 2410 1440 2480 tosticum
1458 2404 1541 2478 binc
1557 2411 1757 2484 abduceret.
1794 2409 1829 2482 is
1846 2413 2038 2484 etafratre
2055 2439 2136 2482 meo
2152 2414 2274 2482 literas
2333 2425 2334 2484 t

244 2517 347 2587 eriam
364 2537 383 2582 a
399 2511 517 2578 minus
531 2507 669 2577 erudito
686 2524 778 2578 recte
792 2508 982 2596 gubernari
996 2517 1121 2598 potest.
1151 2504 1228 2595 lpse
1281 2512 1417 2592 attulit,
1452 2535 1541 2604 quae
1564 2511 1809 2600 significabant
1829 2515 1948 2604 vagari
1970 2515 2211 2584 incendiarios
2236 2517 2275 2582 in

244 2615 496 2710 gratitudinem
536 2610 647 2679 animi
688 2625 892 2701 Perpetuam
930 2609 997 2678 fibi
1031 2607 1230 2700 Praestabit,
1282 2615 1368 2682 locis
1382 2612 1508 2682 vicinis
1522 2629 1662 2685 nostrae
1677 2616 1818 2706 patriae.
1853 2615 1921 2687 Sed
1938 2618 2116 2708 principes
2136 2618 2275 2686 vicinos
2333 2653 2334 2682 r

246 2743 325 2790 cum
349 2713 493 2786 caeteris
510 2712 651 2796 officiis,
675 2725 750 2782 tum
773 2726 807 2780 er
825 2711 1024 2800 precatione
1039 2713 1083 2778 ad
1101 2711 1230 2778 Deum·
1282 2729 1317 2786 et
1339 2715 1469 2784 amicos
1492 2739 1583 2800 esse,
1609 2729 1643 2787 et
1666 2717 1821 2788 intentos
1845 2722 1887 2787 art
1908 2744 2134 2789 communem
2151 2721 2275 2787 deten-

246 2821 386 2910 Qu³e⁸⁰
403 2829 539 2898 autem,
564 2829 604 2884 ¹11
620 2813 704 2882 b⁰¹¹i
721 2814 894 2894 consulas,
921 2815 1014 2906 quod
1031 2837 1096 2903 pro
1114 2805 1231 2879 Eble-
1284 2819 1431 2890 sionem.
1476 2812 1649 2888 Existimo
1669 2819 1722 2887 itti
1738 2821 1921 2890 tabellario
1936 2817 2147 2892 Samuelem
2164 2821 2275 2890 tradi-

142 2921 147 2946 ‘
246 2921 318 2994 biis
353 2921 495 2998 laboro,
535 2915 618 3006 quia
654 2939 771 2984 meum
805 2913 946 2985 Patrem
980 2915 1082 2984 valde
1109 2912 1232 2982 dilexit
1284 2921 1376 2990 disse
1411 2919 1584 3008 pixidem,
1616 2945 1721 3012 quam
1758 2922 1884 2991 misisti
1912 2925 1955 2991 ad
1991 2937 2125 3014 patrem
2162 2936 2274 2992 tuum.

248 3019 430 3117 Georgius
447 3015 496 3086 ab
512 3012 694 3102 Ebleben,
726 3017 787 3110 qui
809 3017 926 3086 autam
941 3015 1147 3086 Bavoricam
1168 3037 1232 3102 gu.
1284 3019 1360 3110 Ego
1375 3021 1517 3112 quidem
1533 3022 1626 3092 bona
1642 3024 1709 3090 fide
1721 3022 1878 3093 Samueti
1893 3021 2049 3097 exhibui.
2082 3024 2196 3095 Mitto
2211 3025 2276 3092 ribi

247 3126 420 3202 bernavit,
447 3135 487 3190 ut
503 3144 542 3188 ex
560 3119 635 3209 ipso
650 3119 782 3191 audivi.
820 3116 1234 3189 Beneetfelicitcrvale.
1285 3145 1427 3193 carmen
1453 3118 1536 3214 περὶ
1561 3119 1863 3222 μαργαρίδοςῑ),
1899 3127 2000 3196 cuius
2025 3141 2275 3214 argumentum

246 3227 368 3298 Pridie
381 3223 556 3296 Calendas
573 3217 724 3309 Augusti
742 3215 851 3292 1555.
1287 3226 1351 3293 etsi
1374 3224 1440 3294 tibi
1470 3237 1595 3294 notum
1622 3241 1690 3310 est,
1730 3241 1848 3297 tamen
1873 3242 2018 3320 propter
2044 3231 2275 3300 domesticam

682 3353 685 3362 ’
1285 3319 1504 3424 μαργαρίδα
1533 3349 1636 3417 spero
1671 3329 1737 3398 tibi
1770 3329 1956 3400 lectionem
1988 3354 2063 3400 non
2090 3330 2275 3399 insuavem
2333 3343 2334 3346 ’

1286 3431 1374 3502 sore.
1413 3426 1466 3496 De
1484 3423 1675 3500 Academia
1690 3425 1925 3524 Tubingensi
1937 3435 2098 3503 nondum
2115 3433 2203 3512 scio,
2231 3454 2275 3500 an
2333 3445 2334 3482 ³

1273 1553 1339 1628 No.
1356 1549 1468 1627 5825.

222 3509 224 3521 .
1286 3529 1468 3612 Lectores,
1506 3531 1568 3623 qui
1595 3547 1740 3622 propter
1761 3535 1855 3603 luem
1877 3547 2089 3604 secesserant
2110 3534 2149 3602 in
2174 3534 2276 3624 oppi-

246 3585 441 3718 ψ’
1079 3599 1110 3660 ¹¹
1131 3587 1215 3672 Aug·
1287 3635 1372 3701 dum
1389 3629 1555 3718 Calvam,
1586 3635 1768 3705 redierint.
1819 3634 1916 3706 Haec
1940 3636 2064 3728 scripsi
2088 3637 2183 3709 inter
2201 3659 2276 3704 sae-

1287 3757 1349 3804 vos
1364 3735 1549 3818 cruciatus,
1574 3760 1662 3828 quos
1677 3732 1839 3818 λιθίασις
1854 3738 2016 3812 faciebat.
2057 3736 2158 3807 Idem
2176 3761 2277 3807 mor·
2333 3801 2334 3814 ,

1287 3838 1352 3907 bus
1370 3849 1404 3906 et
1419 3829 1614 3907 Ioachimo
1630 3831 1848 3909 Camerario
1867 3839 1991 3931 incipit
2008 3840 2177 3910 molestus
2192 3863 2276 3912 esse.
2333 3869 2334 3884 ,

315 3947 516 4024 Epiruttht.
538 3946 635 4022 psus.
652 3973 688 3989 -
726 3943 1252 4018 ttieenurognptoinnodabat.v
1287 3936 1328 4006 In
1351 3951 1528 4008 conventu
1541 3935 1747 4028 Augustano
1770 3944 1930 4010 nondum
1948 3944 1992 4012 de
2014 3943 2156 4012 decreto
2181 3942 2277 4033 pacis
2333 3995 2334 4004 ,

348 4020 449 4097 9³⁹⁸·
1286 4039 1451 4110 convenit
1484 4040 1578 4109 inter
1610 4043 1786 4135 principes
1811 4057 1970 4124 nostros,
2008 4057 2042 4114 et
2066 4041 2276 4134 Episcopos.

295 4176 416 4258 Hier.
442 4173 617 4271 Bomga
629 4183 701 4243 m,
711 4195 727 4241 ι
737 4195 803 4257 70,
830 4167 1006 4252 smapon·
1022 4168 1184 4268 inclyta,
1286 4139 1331 4260 ibt
1348 4143 1494 4233 opinor,
1517 4137 1785 4240 καταστροφήν
1800 4145 1903 4215 tatem
1920 4147 2015 4230 fore,
2040 4158 2081 4215 ut
2095 4146 2277 4214 delibera·

559 4276 661 4350 urbis
683 4271 927 4370 Norpbergm·
1285 4241 1619 4340 troprorogetur²).
1663 4242 1740 4316 Oro
1757 4259 1873 4316 autem
1893 4247 2024 4317 Filium
2041 4247 2129 4330 Dei,
2157 4261 2277 4316 custo-

1284 4347 1363 4414 dem
1386 4341 1562 4415 Ecclesiae
1587 4371 1690 4432 suae,
1723 4361 1763 4418 ut
1787 4373 1853 4419 nos
1871 4373 1995 4418 omnes
2015 4349 2209 4438 gubernet,
2243 4359 2276 4414 et
2333 4409 2334 4416 ,

247 4420 296 4512 S·
320 4431 368 4512 D·
423 4431 473 4502 11³
492 4431 549 4516 fii,
571 4453 653 4499 ⁰¹¹¹ss
671 4423 974 4547 dubiiafliassifflb
998 4425 1146 4514 malind
1164 4421 1233 4494 5⁰·
1284 4462 1440 4538 protegat
1461 4443 1636 4520 Ecclesias
1663 4444 1791 4520 harum
1814 4451 2012 4544 regionum.
2063 4449 2164 4520 Bene
2185 4451 2275 4522 vate.
2333 4435 2334 4438 Ἴ

245 4531 408 4632 pboclem
424 4533 569 4603 dicitur:
593 4525 667 4600 Καὶ
682 4525 791 4624 φημὶ,
817 4523 879 4600 καὶ
896 4525 1078 4623 ἀποφημι,
1104 4521 1145 4596 δὲ
1161 4523 1232 4598 οὐκ
1284 4550 1397 4641 mid„
1413 4548 1607 4627 Laurentii,

245 4638 317 4732 ἔχω
339 4633 376 4708 τί
390 4639 464 4733 φῶ.
517 4631 627 4726 idque
647 4633 718 4700 scio
738 4647 772 4701 te
787 4654 928 4727 quoque
950 4652 1051 4719 saepe
1068 4629 1230 4719 experiri.
1966 4655 1971 4668 ·
2023 4649 2227 4747 philippus·

243 4740 352 4811 Mitto
383 4740 472 4808 duas
494 4729 627 4804 Iacobi
655 4733 838 4824 epistolas,
877 4755 1026 4824 quarum
1055 4731 1231 4822 posterior
1289 4763 1333 4770 -·
1384 4727 1388 4734 ’

244 4843 309 4915 etsi
338 4853 390 4912 est
418 4838 673 4932 propemodum
700 4831 887 4904 Patinodia
921 4831 1070 4921 prioris,
1111 4843 1228 4901 tamen
1313 4872 1430 4946 ml„
1449 4871 1723 4946 manasedsertprtu
1746 4875 1823 4931 1555.

240 4943 540 5035 n⁰nd⁰m'''d⁷fl“39
562 4937 696 5010 minii·
754 4931 831 5006 0¹¹⁰
858 4931 966 5020 igitur
988 4929 1104 5001 Deum
1128 4945 1167 5002 ¹¹²
1193 4946 1228 5002 ⁰²
1313 4981 1341 5047 1)
1360 4975 1407 5030 Est
1420 4977 1538 5032 Carmen
1557 4976 1615 5060 „de
1631 4973 1791 5030 dutcissimo
1804 4974 1975 5046 Margaridor
1988 4973 2111 5046 nomine,
2131 4976 2176 5032 die
2190 4981 2274 5035 Mar·

238 5042 374 5117 Iacodt'
394 5057 430 5114 ei
454 5054 607 5112 vestrum
629 5037 817 5108 consilium
840 5035 1023 5125 gubernet·
1074 5031 1142 5102 Sed
1166 5058 1226 5102 vos
1346 5045 1499 5169 zaritbae'u
1529 5065 1574 5102 eur
1599 5041 1786 5114 subscriptum
1809 5052 1849 5097 ert
1872 5062 1975 5098 nornen
1996 5045 2129 5100 lobannis
2156 5047 2272 5118 Langeri

165 5204 173 5214 .
236 5145 519 5218 dubitationibus
535 5142 610 5212 eius
625 5139 821 5228 ignoscetis.
881 5133 1071 5227 Prorogari
1089 5148 1225 5226 tempus
1345 5115 1717 5242 ¹5⁰Jgfffgfffff’lgt·ffi¹s⁰gft⁰⁸
1744 5111 1845 5187 tegitur
1868 5111 1898 5166 ⁵¹
1922 5113 2038 5188 ⁸⁰¹³t³¹i¹
2062 5115 2181 5188 pattici,
2208 5116 2271 5172 aaut

234 5251 394 5320 ⁰¹³⁸ffi¹¹⁰
419 5271 531 5366 9⁰⁵⁸}
574 5237 760 5364 'Manium
787 5241 835 5342 ⁵²3¹
865 5239 1041 5358 exagitant
1068 5237 1223 5333 quidam,
1306 5293 1340 5366 s)
1358 5290 1595 5346 necomitam„
1615 5287 1718 5344 urrann
1738 5305 1763 5344 ι.
1789 5286 1864 5347 rasa
1883 5285 1936 5348 aa.
1954 5289 2077 5346 statuo
2096 5290 2220 5350 sumu
2244 5293 2271 5348 u

232 5363 273 5422 ut
296 5350 531 5446 exTyrrgetrs
547 5349 780 5418 discessurum
805 5365 878 5414 esse
896 5343 1060 5414 arbltrer.
1112 5335 1220 5410 Hunc
1342 5362 1500 5419 moment.
1517 5377 1547 5432 p.
1626 5375 1689 5433 qq.

470 3771 595 3858 Hier.
625 3769 1012 3881 Baumgortr'rero.
