4714 5832
788 283 1099 370 uubanus
1130 285 1321 368 vl'ralt
1348 286 1483 370 tttsn
1535 289 1674 372 tosa.

235 449 327 578 aa·
358 505 429 573 llos
443 505 508 572 iasa
522 506 573 572 dte
582 499 765 572 blelsntbon
780 499 929 570 nmn-
939 507 1150 590 psstdsdter.

266 641 327 711 Ν·
358 639 492 711 Moritur
507 640 681 708 Frld‘cricns
697 643 858 706 Putasne
872 641 1006 710 Elector.

360 780 468 848 Petrus
483 779 609 868 Gonyua
623 775 777 846 Litnanns
791 779 990 866 Witabergae
1004 795 1066 864 est,
1089 795 1119 846 et
1135 783 1248 866 spargit
1262 777 1432 846 &scoticos
1445 805 1568 848 errores.

296 1045 329 1107 1.
363 1029 489 1098 Cometa
510 1032 694 1114 conspicitur
714 1053 810 1114 propa
829 1033 1089 1116 προτρνγηιῆρα,
1122 1033 1249 1096 eandm
1267 1034 1300 1094 in
1314 1027 1475 1114 Belgicam
1497 1031 1688 1114 protendens.
1717 1067 1766 1084 -
1817 1028 1966 1094 Ascendit
1982 1045 2085 1116 postea
2101 1033 2140 1096 ad
2154 1029 2274 1097 trem·

414 1171 502 1230 rum,
527 1163 558 1213 et
572 1149 610 1211 ad
624 1153 773 1212 minorem
794 1169 907 1214 ursum.
959 1143 1034 1212 Vid.
1050 1171 1099 1231 ep.
1116 1150 1147 1216 d.
1170 1159 1225 1221 18.
1239 1147 1320 1234 Apr.

363 1413 475 1482 Scribit
489 1418 527 1480 ad
539 1415 763 1482 &macrinius
792 1439 883 1498 „non
896 1423 1031 1500 politicae
1046 1421 1235 1482 carnificinae
1257 1418 1340 1504 spud
1361 1375 1483 1480 ini'oros¹
1501 1439 1587 1501 paras
1609 1431 1680 1482 sunt
1702 1441 1788 1482 meae
1809 1423 2066 1506 carnificinaaqna
2082 1421 2206 1482 excrnci
2224 1437 2263 1478 cr
2344 1461 2345 1502 ρ

413 1534 575 1598 ιοιῦαιιᾶίι
589 1535 861 1618 disputationibus,
887 1537 1024 1622 legibus,
1049 1537 1304 1632 praefationibus,
1330 1537 1498 1620 epistolis.”

280 2337 338 2400 13.
369 2318 485 2384 Rursus
500 2319 598 2382 editur
611 2315 815 2381 Melanthonis
830 2324 976 2382 enuntio
993 2323 1138 2403 epistolae
1152 2322 1191 2385 ad
1204 2317 1378 2404 Romanos,
1406 2345 1498 2410 quam
1513 2323 1616 2388 Ulrico
1631 2321 1801 2388 Mordisinc
1818 2323 1909 2384 dicat.

329 2510 338 2532 ,
366 2443 444 2518 'Met
459 2449 599 2537 Lipsiam
623 2453 830 2534 proficiscitur.

308 2726 341 2786 1,
375 2701 535 2768 intercedit
547 2702 628 2786 apud
643 2699 804 2763 Albartum
819 2697 938 2763 Ducem
954 2701 1091 2766 l'russiae
1104 2727 1161 2787 pro
1177 2703 1301 2768 Sabino.

375 2839 654 2906 Schwenckfeldius
671 2841 788 2919 scripsit
807 2847 910 2898 contra
926 2851 989 2900 eota
1004 2834 1267 2925 Noriubargansia.

305 2991 340 3050 7.
375 2979 448 3044 Met.
463 2990 507 3040 est
526 2981 637 3039 iterum
649 2973 856 3057 Witabcrgae.
920 2971 923 2980 ’

336 3160 344 3178 .
377 3113 552 3198 Disputatio
570 3113 692 3196 publica
705 3115 738 3174 in
754 3107 920 3174 Academia
934 3109 1054 3176 Witab.
1071 3111 1159 3176 Pauli
1181 3115 1219 3174 ab
1234 3109 1358 3190 Eitsen,
1383 3116 1436 3174 oui
1450 3109 1628 3176 Melantlron
1646 3112 1744 3194 capita
1758 3111 1971 3198 disputationis
1993 3115 2113 3196 scripsit
2128 3113 2169 3186 de
2186 3116 2291 3176 inter-

428 3237 561 3296 cessione
572 3229 685 3297 Christi
701 3243 805 3293 contra
813 3227 975 3310 canotum,
1001 3228 1196 3312 Theolcgrun
1204 3225 1393 3312 fragrarent,
1419 3235 1474 3316 qui
1483 3231 1717 3314 aeprehendsbst
1723 3230 1852 3294 formans
1866 3253 2009 3314 precum:
2036 3235 2102 3311 „bii
2115 3227 2189 3313 Del,
2213 3229 2293 3297 lesu

428 3353 567 3432 Christe,
588 3349 739 3414 intercede
759 3369 814 3432 pro
828 3340 962 3430 nobis”,
987 3363 1017 3412 et
1031 3350 1246 3430 contendebat,
1271 3353 1369 3413 filium
1392 3345 1452 3412 Dei
1473 3369 1537 3410 non
1557 3361 1593 3412 nt
1612 3349 1824 3429 mediatorem¹
1859 3350 1911 3412 sed
1931 3362 1966 3414 ut
1983 3346 2105 3428 Derun,
2130 3349 2293 3412 bonorum

430 3473 584 3550 datorem,
610 3467 814 3530 invocandum
827 3489 900 3534 esse.
953 3463 1001 3530 Cf.
1018 3489 1066 3550 ap.
1085 3467 1116 3534 d.
1133 3476 1191 3537 23.
1204 3465 1280 3531 bisti
1295 3481 1326 3532 et
1340 3468 1371 3535 d.
1391 3474 1448 3536 13.
1459 3462 1521 3534 lul.

340 3931 348 3952 ,
382 3873 508 3960 Lipsiae
521 3875 679 3936 subscribit
692 3872 874 3950 i'ormclam,
898 3893 958 3956 qua
972 3877 1174 3935 controversie
1187 3871 1277 3936 Pacci
1289 3895 1359 3936 cum
1376 3879 1443 3936 aliis
1457 3873 1719 3935 concionatoribus
1733 3867 1821 3954 Lips.
1837 3874 2003 3954 composita
2018 3885 2071 3934 est.

382 4009 490 4075 Postea
512 4007 709 4088 proficiscitur
729 4002 895 4084 Dresdam‚
921 4007 1082 4068 comitibus
1097 4003 1230 4068 Peucero
1246 4017 1276 4068 at
1290 4003 1410 4068 Martha
1423 4008 1484 4066 lilia
1499 4003 1615 4072 setini.

383 4141 501 4205 Iudicat
517 4139 555 4200 de
570 4133 697 4220 Synodo
712 4141 881 4218 germanica
895 4137 1040 4198 habenda.

384 4273 438 4343 ht
454 4279 487 4342 in
503 4273 617 4358 oppido
630 4267 862 4350 loachimsthel,
889 4283 922 4332 ut
937 4273 1037 4331 visitet
1050 4267 1247 4332 Matthesium
1261 4232 1473 4354 aspectantem.
1488 4219 1494 4227 ·

320 4709 354 4775 ρ.
387 4673 498 4740 Scribit
514 4673 551 4734 de
567 4673 771 4734 conuocarsia
787 4669 862 4731 das.
882 4691 975 4732 coece
990 4659 1179 4756 cWigendo
1196 4685 1299 4738 contra
1313 4669 1474 4740 Celsinum
1488 4691 1581 4742 mota.
1647 4759 1653 4769 1
1748 4682 1752 4690 “

317 4845 357 4910 0
389 4809 437 4874 Da
453 4809 541 4894 Toga
553 4821 584 4870 at
600 4807 637 4868 de
651 4803 747 4872 Pallio
760 4807 863 4868 scribit
877 4807 915 4868 sd
929 4803 1185 4873 Bucbholzernm.
1237 4807 1286 4876 ci.
1302 4814 1393 4872 etiarn
1414 4833 1463 4893 ep.
1481 4811 1512 4873 d.
1530 4819 1588 4880 10.
1609 4809 1693 4892 Aug.
1710 4811 1748 4872 ad
1762 4811 1901 4876 eundem.

299 4979 356 5042 12·
388 4945 509 5008 Flauius
530 4963 584 5024 per
605 4914 776 5002 Hubertusn
796 4935 989 5024 Languatum
1006 4947 1140 5025 postulat
1153 4967 1171 5006 a
1183 4895 1390 5058 Melanthone‚
1410 4961 1446 5008 ut
1464 4915 1639 5030 (instigans
1633 4949 1751 5030 ueniet
1748 4945 1801 5030 ad
1807 4913 2014 5032 colloquium
2030 4933 2209 5022 babendum
2224 4971 2308 5014 cnm

439 5057 542 5122 Flacio
558 5070 588 5119 et
603 5061 667 5119 eins
682 5057 816 5121 adseclis.

297 5225 357 5292 15,
389 5197 567 5264 Melanthon
598 5190 758 5276 Langueto
791 5217 893 5262 causas
924 5203 1069 5282 exponit,
1102 5221 1156 5263 cur
1187 5219 1259 5262 cum
1288 5197 1410 5276 Fiacic,
1449 5191 1539 5260 Gallo
1573 5209 1603 5259 at
1636 5199 1785 5294 similibus
1819 5199 1973 5284 colloquia
2003 5196 2042 5262 da
2072 5135 2209 5267 doctina
2241 5199 2309 5261 ira·

439 5320 509 5380 bara
522 5317 612 5378 nolit.

300 5467 361 5532 21,
393 5445 512 5516 illectus
527 5453 629 5533 itaque
644 5441 1174 5529 MelsntbonentapudLengnetum
1192 5401 1533 5520 names-raeccine,
1562 5405 1586 5520 ,ι
1604 5405 1622 5518 ,l
1727 5465 1730 5472 ·
1949 5396 1972 5511 ἑ,
