<?xml version="1.0" encoding="UTF-8"?>
<!DOCTYPE html PUBLIC "-//W3C//DTD XHTML 1.0 Transitional//EN"
    "http://www.w3.org/TR/xhtml1/DTD/xhtml1-transitional.dtd">
<html xmlns="http://www.w3.org/1999/xhtml" xml:lang="en" lang="en">
 <head>
  <title>
</title>
<meta http-equiv="Content-Type" content="text/html;charset=utf-8" />
  <meta name='ocr-system' content='tesseract 3.04.00' />
  <meta name='ocr-capabilities' content='ocr_page ocr_carea ocr_par ocr_line ocrx_word'/>
</head>
<body>
  <div class='ocr_page' id='page_1' title='image "./corpusreformato22melagoog/corpusreformato22melagoog_0153.png"; bbox 0 0 4712 5828; ppageno 0'>
   <div class='ocr_carea' id='block_1_1' title="bbox 239 173 2269 287">
    <p class='ocr_par' dir='ltr' id='par_1_1' title="bbox 239 173 2269 287">
     <span class='ocr_line' id='line_1_1' title="bbox 239 173 2269 287; baseline -0.031 0"><span class='ocrx_word' id='word_1_1' title='bbox 239 213 312 287; x_wconf 81' lang='lat'><strong>251</strong></span> <span class='ocrx_word' id='word_1_2' title='bbox 819 173 1249 260; x_wconf 83' lang='lat' dir='ltr'><strong>nrrsronaauu</strong></span> <span class='ocrx_word' id='word_1_3' title='bbox 1296 173 1405 252; x_wconf 80' lang='lat' dir='ltr'><strong>utu.</strong></span> <span class='ocrx_word' id='word_1_4' title='bbox 1430 173 1514 253; x_wconf 88' lang='lat' dir='ltr'><strong>xu.</strong></span> <span class='ocrx_word' id='word_1_5' title='bbox 1569 173 1701 256; x_wconf 78' lang='lat'><strong>16⁵4.</strong></span> <span class='ocrx_word' id='word_1_6' title='bbox 2121 179 2136 200; x_wconf 93' lang='lat'><strong>·</strong></span> <span class='ocrx_word' id='word_1_7' title='bbox 2196 173 2269 250; x_wconf 72' lang='lat'><strong>252</strong></span> 
     </span>
    </p>
   </div>
   <div class='ocr_carea' id='block_1_2' title="bbox 244 345 2272 1176">
    <p class='ocr_par' dir='ltr' id='par_1_2' title="bbox 244 345 2272 1176">
     <span class='ocr_line' id='line_1_2' title="bbox 244 345 2270 454; baseline -0.024 1"><span class='ocrx_word' id='word_1_8' title='bbox 244 386 294 454; x_wconf 91' lang='lat' dir='ltr'><strong>ris</strong></span> <span class='ocrx_word' id='word_1_9' title='bbox 313 373 489 452; x_wconf 84' lang='lat' dir='ltr'><strong>Ecclesiae</strong></span> <span class='ocrx_word' id='word_1_10' title='bbox 513 361 704 438; x_wconf 85' lang='lat' dir='ltr'><strong>catholicae</strong></span> <span class='ocrx_word' id='word_1_11' title='bbox 719 359 806 446; x_wconf 90' lang='lat' dir='ltr'><strong>Dei,</strong></span> <span class='ocrx_word' id='word_1_12' title='bbox 838 357 1008 429; x_wconf 90' lang='lat' dir='ltr'><strong>traditum</strong></span> <span class='ocrx_word' id='word_1_13' title='bbox 1030 353 1069 422; x_wconf 92' lang='lat' dir='ltr'><strong>in</strong></span> <span class='ocrx_word' id='word_1_14' title='bbox 1094 345 1233 440; x_wconf 89' lang='lat' dir='ltr'><strong>scriptis</strong></span> <span class='ocrx_word' id='word_1_15' title='bbox 1281 371 1361 419; x_wconf 89' lang='lat' dir='ltr'><strong>rum</strong></span> <span class='ocrx_word' id='word_1_16' title='bbox 1384 349 1658 442; x_wconf 73' lang='lat' dir='ltr'>promissionum</span> <span class='ocrx_word' id='word_1_17' title='bbox 1675 363 1710 422; x_wconf 86' lang='lat' dir='ltr'><strong>et</strong></span> <span class='ocrx_word' id='word_1_18' title='bbox 1723 349 1900 422; x_wconf 88' lang='lat' dir='ltr'><strong>invocatio</strong></span> <span class='ocrx_word' id='word_1_19' title='bbox 1919 349 2144 438; x_wconf 75' lang='lat' dir='ltr'><strong>adferebant,</strong></span> <span class='ocrx_word' id='word_1_20' title='bbox 2176 349 2270 418; x_wconf 66' lang='lat' dir='ltr'><strong>dice.</strong></span> 
     </span>
     <span class='ocr_line' id='line_1_3' title="bbox 247 447 2270 578; baseline -0.016 -27"><span class='ocrx_word' id='word_1_21' title='bbox 247 476 461 578; x_wconf 75' lang='lat' dir='ltr'>propheticis</span> <span class='ocrx_word' id='word_1_22' title='bbox 493 485 526 540; x_wconf 93' lang='lat' dir='ltr'><strong>et</strong></span> <span class='ocrx_word' id='word_1_23' title='bbox 554 464 775 560; x_wconf 89' lang='lat' dir='ltr'><strong>apostolicis,</strong></span> <span class='ocrx_word' id='word_1_24' title='bbox 815 473 850 531; x_wconf 86' lang='lat' dir='ltr'><strong>et</strong></span> <span class='ocrx_word' id='word_1_25' title='bbox 875 459 989 530; x_wconf 91' lang='lat' dir='ltr'><strong>studia</strong></span> <span class='ocrx_word' id='word_1_26' title='bbox 1016 468 1050 526; x_wconf 90' lang='lat' dir='ltr'><strong>et</strong></span> <span class='ocrx_word' id='word_1_27' title='bbox 1076 449 1233 546; x_wconf 86' lang='lat' dir='ltr'><strong>pericula</strong></span> <span class='ocrx_word' id='word_1_28' title='bbox 1281 451 1342 520; x_wconf 88' lang='lat' dir='ltr'><strong>bat</strong></span> <span class='ocrx_word' id='word_1_29' title='bbox 1372 475 1408 520; x_wconf 89' lang='lat' dir='ltr'><strong>se</strong></span> <span class='ocrx_word' id='word_1_30' title='bbox 1437 475 1512 522; x_wconf 91' lang='lat' dir='ltr'><strong>non</strong></span> <span class='ocrx_word' id='word_1_31' title='bbox 1541 447 1674 524; x_wconf 89' lang='lat' dir='ltr'><strong>habere</strong></span> <span class='ocrx_word' id='word_1_32' title='bbox 1693 453 1798 522; x_wconf 88' lang='lat' dir='ltr'><strong>aliam</strong></span> <span class='ocrx_word' id='word_1_33' title='bbox 1821 452 2034 523; x_wconf 77' lang='lat' dir='ltr'><strong>levationem</strong></span> <span class='ocrx_word' id='word_1_34' title='bbox 2057 451 2270 536; x_wconf 79' lang='lat' dir='ltr'><strong>moestitiae,</strong></span> 
     </span>
     <span class='ocr_line' id='line_1_4' title="bbox 247 547 2270 678; baseline -0.018 -22"><span class='ocrx_word' id='word_1_35' title='bbox 247 580 501 678; x_wconf 80' lang='lat' dir='ltr'><strong>prospiciebat,</strong></span> <span class='ocrx_word' id='word_1_36' title='bbox 533 585 652 640; x_wconf 90' lang='lat' dir='ltr'><strong>tamen</strong></span> <span class='ocrx_word' id='word_1_37' title='bbox 675 564 844 642; x_wconf 73' lang='lat' dir='ltr'><strong>ostendit,</strong></span> <span class='ocrx_word' id='word_1_38' title='bbox 875 561 991 652; x_wconf 89' lang='lat' dir='ltr'><strong>palam</strong></span> <span class='ocrx_word' id='word_1_39' title='bbox 1013 580 1048 626; x_wconf 89' lang='lat' dir='ltr'><strong>se</strong></span> <span class='ocrx_word' id='word_1_40' title='bbox 1071 549 1233 642; x_wconf 87' lang='lat' dir='ltr'><strong>amplecti</strong></span> <span class='ocrx_word' id='word_1_41' title='bbox 1281 551 1351 620; x_wconf 90' lang='lat' dir='ltr'><strong>nisi</strong></span> <span class='ocrx_word' id='word_1_42' title='bbox 1373 553 1548 644; x_wconf 90' lang='lat' dir='ltr'><strong>colloquia</strong></span> <span class='ocrx_word' id='word_1_43' title='bbox 1570 555 1786 646; x_wconf 91' lang='lat' dir='ltr'><strong>optimorum</strong></span> <span class='ocrx_word' id='word_1_44' title='bbox 1809 555 1959 627; x_wconf 79' lang='lat' dir='ltr'><strong>fratrum</strong></span> <span class='ocrx_word' id='word_1_45' title='bbox 1981 567 2016 628; x_wconf 87' lang='lat' dir='ltr'><strong>et</strong></span> <span class='ocrx_word' id='word_1_46' title='bbox 2033 554 2190 624; x_wconf 90' lang='lat' dir='ltr'><strong>aliorum</strong></span> <span class='ocrx_word' id='word_1_47' title='bbox 2205 547 2270 621; x_wconf 92' lang='lat' dir='ltr'><strong>ho-</strong></span> 
     </span>
     <span class='ocr_line' id='line_1_5' title="bbox 248 653 2271 758; baseline -0.017 1"><span class='ocrx_word' id='word_1_48' title='bbox 248 699 449 758; x_wconf 91' lang='lat' dir='ltr'><strong>nostrarum</strong></span> <span class='ocrx_word' id='word_1_49' title='bbox 473 671 710 744; x_wconf 90' lang='lat' dir='ltr'><strong>Ecclesiarum</strong></span> <span class='ocrx_word' id='word_1_50' title='bbox 734 664 1006 744; x_wconf 89' lang='lat' dir='ltr'><strong>confessionem,</strong></span> <span class='ocrx_word' id='word_1_51' title='bbox 1044 672 1079 726; x_wconf 91' lang='lat' dir='ltr'><strong>ct</strong></span> <span class='ocrx_word' id='word_1_52' title='bbox 1102 655 1146 724; x_wconf 92' lang='lat' dir='ltr'><strong>ab</strong></span> <span class='ocrx_word' id='word_1_53' title='bbox 1170 653 1234 722; x_wconf 91' lang='lat' dir='ltr'><strong>ad·</strong></span> <span class='ocrx_word' id='word_1_54' title='bbox 1282 665 1462 724; x_wconf 90' lang='lat' dir='ltr'><strong>nestorum</strong></span> <span class='ocrx_word' id='word_1_55' title='bbox 1482 679 1521 724; x_wconf 89' lang='lat' dir='ltr'><strong>ac</strong></span> <span class='ocrx_word' id='word_1_56' title='bbox 1544 657 1728 726; x_wconf 87' lang='lat' dir='ltr'><strong>doctorum</strong></span> <span class='ocrx_word' id='word_1_57' title='bbox 1753 657 1929 741; x_wconf 92' lang='lat' dir='ltr'><strong>virorum,</strong></span> <span class='ocrx_word' id='word_1_58' title='bbox 1966 680 2008 726; x_wconf 92' lang='lat' dir='ltr'><strong>ac</strong></span> <span class='ocrx_word' id='word_1_59' title='bbox 2029 655 2271 726; x_wconf 78' lang='lat' dir='ltr'><strong>delectabatur</strong></span> 
     </span>
     <span class='ocr_line' id='line_1_6' title="bbox 248 749 2272 862; baseline -0.016 -3"><span class='ocrx_word' id='word_1_60' title='bbox 248 786 486 862; x_wconf 87' lang='lat' dir='ltr'><strong>versariorum</strong></span> <span class='ocrx_word' id='word_1_61' title='bbox 514 772 669 844; x_wconf 87' lang='lat' dir='ltr'><strong>consiliis</strong></span> <span class='ocrx_word' id='word_1_62' title='bbox 687 783 720 840; x_wconf 89' lang='lat' dir='ltr'><strong>et</strong></span> <span class='ocrx_word' id='word_1_63' title='bbox 737 765 913 836; x_wconf 87' lang='lat' dir='ltr'><strong>sacrificiis</strong></span> <span class='ocrx_word' id='word_1_64' title='bbox 927 759 1103 842; x_wconf 89' lang='lat' dir='ltr'><strong>discessit,</strong></span> <span class='ocrx_word' id='word_1_65' title='bbox 1128 775 1234 847; x_wconf 90' lang='lat' dir='ltr'><strong>seque</strong></span> <span class='ocrx_word' id='word_1_66' title='bbox 1282 749 1349 824; x_wconf 92' lang='lat' dir='ltr'><strong>hoc</strong></span> <span class='ocrx_word' id='word_1_67' title='bbox 1364 779 1483 828; x_wconf 88' lang='lat' dir='ltr'><strong>versu:</strong></span> <span class='ocrx_word' id='word_1_68' title='bbox 1509 751 1582 850; x_wconf 77' lang='grc' dir='ltr'><strong>ἡδύ</strong></span> <span class='ocrx_word' id='word_1_69' title='bbox 1595 751 1638 856; x_wconf 76' lang='grc' dir='ltr'><strong>’γε</strong></span> <span class='ocrx_word' id='word_1_70' title='bbox 1653 753 1765 854; x_wconf 78' lang='grc' dir='ltr'><strong><em>φίλου</em></strong></span> <span class='ocrx_word' id='word_1_71' title='bbox 1781 750 1890 856; x_wconf 76' lang='grc' dir='ltr'><strong><em>λόγος</em></strong></span> <span class='ocrx_word' id='word_1_72' title='bbox 1903 755 1981 830; x_wconf 75' lang='grc' dir='ltr'><strong><em>ἔστι</em></strong></span> <span class='ocrx_word' id='word_1_73' title='bbox 1994 760 2070 840; x_wconf 81' lang='grc' dir='ltr'><em>τοῖς</em></span> <span class='ocrx_word' id='word_1_74' title='bbox 2085 753 2272 847; x_wconf 74' lang='grc' dir='ltr'><strong><em>λυπουμέ-</em></strong></span> 
     </span>
     <span class='ocr_line' id='line_1_7' title="bbox 248 855 2272 968; baseline -0.019 0"><span class='ocrx_word' id='word_1_75' title='bbox 248 906 363 968; x_wconf 93' lang='lat' dir='ltr'><strong>totum</strong></span> <span class='ocrx_word' id='word_1_76' title='bbox 394 877 531 952; x_wconf 92' lang='lat' dir='ltr'><strong>dedidit</strong></span> <span class='ocrx_word' id='word_1_77' title='bbox 561 871 755 968; x_wconf 88' lang='lat' dir='ltr'><strong>precationi</strong></span> <span class='ocrx_word' id='word_1_78' title='bbox 788 881 822 938; x_wconf 89' lang='lat' dir='ltr'><strong>et</strong></span> <span class='ocrx_word' id='word_1_79' title='bbox 847 863 1006 946; x_wconf 91' lang='lat' dir='ltr'><strong>lectioni,</strong></span> <span class='ocrx_word' id='word_1_80' title='bbox 1039 873 1074 930; x_wconf 92' lang='lat' dir='ltr'><strong>et</strong></span> <span class='ocrx_word' id='word_1_81' title='bbox 1098 859 1234 938; x_wconf 90' lang='lat' dir='ltr'><strong>fratres,</strong></span> <span class='ocrx_word' id='word_1_82' title='bbox 1281 881 1370 936; x_wconf 78' lang='grc' dir='ltr'><strong><em>νοις.</em></strong></span> <span class='ocrx_word' id='word_1_83' title='bbox 1421 855 1475 926; x_wconf 91' lang='lat' dir='ltr'><strong>De</strong></span> <span class='ocrx_word' id='word_1_84' title='bbox 1497 860 1699 930; x_wconf 81' lang='lat' dir='ltr'><strong>forensibus</strong></span> <span class='ocrx_word' id='word_1_85' title='bbox 1716 859 1966 932; x_wconf 88' lang='lat' dir='ltr'><strong>controversiis</strong></span> <span class='ocrx_word' id='word_1_86' title='bbox 1982 860 2176 930; x_wconf 85' lang='lat' dir='ltr'><strong>disserebat</strong></span> <span class='ocrx_word' id='word_1_87' title='bbox 2192 881 2272 930; x_wconf 87' lang='lat' dir='ltr'><strong>curn</strong></span> 
     </span>
     <span class='ocr_line' id='line_1_8' title="bbox 249 956 2272 1086; baseline -0.021 -22"><span class='ocrx_word' id='word_1_88' title='bbox 249 993 402 1086; x_wconf 90' lang='lat' dir='ltr'><strong>optimos</strong></span> <span class='ocrx_word' id='word_1_89' title='bbox 428 978 631 1068; x_wconf 87' lang='lat' dir='ltr'><strong>Principes,</strong></span> <span class='ocrx_word' id='word_1_90' title='bbox 671 969 903 1064; x_wconf 87' lang='lat' dir='ltr'><strong>cum&#39;quibus</strong></span> <span class='ocrx_word' id='word_1_91' title='bbox 930 966 967 1032; x_wconf 92' lang='lat' dir='ltr'><strong>in</strong></span> <span class='ocrx_word' id='word_1_92' title='bbox 991 975 1061 1033; x_wconf 92' lang='lat' dir='ltr'><strong>tota</strong></span> <span class='ocrx_word' id='word_1_93' title='bbox 1087 959 1160 1027; x_wconf 92' lang='lat' dir='ltr'><strong>vita</strong></span> <span class='ocrx_word' id='word_1_94' title='bbox 1184 956 1234 1024; x_wconf 92' lang='lat' dir='ltr'><strong>sic</strong></span> <span class='ocrx_word' id='word_1_95' title='bbox 1283 957 1369 1026; x_wconf 91' lang='lat' dir='ltr'><strong>viris</strong></span> <span class='ocrx_word' id='word_1_96' title='bbox 1392 959 1594 1030; x_wconf 90' lang='lat' dir='ltr'><strong>clarissimis</strong></span> <span class='ocrx_word' id='word_1_97' title='bbox 1618 959 1882 1032; x_wconf 87' lang='lat' dir='ltr'><strong>Iurisconsultis</strong></span> <span class='ocrx_word' id='word_1_98' title='bbox 1904 962 2075 1053; x_wconf 82' lang='lat' dir='ltr'><strong>sapientia</strong></span> <span class='ocrx_word' id='word_1_99' title='bbox 2091 959 2272 1031; x_wconf 82' lang='lat' dir='ltr'><strong>etvirtute</strong></span> 
     </span>
     <span class='ocr_line' id='line_1_9' title="bbox 250 1055 2272 1176; baseline -0.018 -9"><span class='ocrx_word' id='word_1_100' title='bbox 250 1094 358 1176; x_wconf 80' lang='lat' dir='ltr'><strong>vixit,</strong></span> <span class='ocrx_word' id='word_1_101' title='bbox 381 1081 538 1158; x_wconf 90' lang='lat' dir='ltr'><strong>utnulla</strong></span> <span class='ocrx_word' id='word_1_102' title='bbox 559 1100 614 1146; x_wconf 92' lang='lat' dir='ltr'><strong>res</strong></span> <span class='ocrx_word' id='word_1_103' title='bbox 629 1097 785 1168; x_wconf 89' lang='lat' dir='ltr'><strong>uuquam</strong></span> <span class='ocrx_word' id='word_1_104' title='bbox 802 1093 923 1140; x_wconf 91' lang='lat' dir='ltr'><strong>eorum</strong></span> <span class='ocrx_word' id='word_1_105' title='bbox 942 1061 1168 1135; x_wconf 86' lang='lat' dir='ltr'><strong>concordiam</strong></span> <span class='ocrx_word' id='word_1_106' title='bbox 1181 1059 1234 1126; x_wconf 91' lang='lat' dir='ltr'><strong>la·</strong></span> <span class='ocrx_word' id='word_1_107' title='bbox 1283 1061 1561 1150; x_wconf 87' lang='lat' dir='ltr'><strong>praestantibus,</strong></span> <span class='ocrx_word' id='word_1_108' title='bbox 1592 1060 1811 1157; x_wconf 87' lang='lat' dir='ltr'><strong>Hieronymo</strong></span> <span class='ocrx_word' id='word_1_109' title='bbox 1833 1055 2004 1156; x_wconf 78' lang='lat' dir='ltr'><strong>Scleurfio</strong></span> <span class='ocrx_word' id='word_1_110' title='bbox 2029 1077 2063 1134; x_wconf 88' lang='lat' dir='ltr'><strong>et</strong></span> <span class='ocrx_word' id='word_1_111' title='bbox 2084 1061 2272 1132; x_wconf 89' lang='lat' dir='ltr'><strong>Ludovico</strong></span> 
     </span>
    </p>
   </div>
   <div class='ocr_carea' id='block_1_3' title="bbox 249 1154 2342 1596">
    <p class='ocr_par' dir='ltr' id='par_1_3' title="bbox 249 1154 2342 1596">
     <span class='ocr_line' id='line_1_10' title="bbox 249 1154 2342 1270; baseline -0.025 0"><span class='ocrx_word' id='word_1_112' title='bbox 249 1185 489 1270; x_wconf 89' lang='lat' dir='ltr'><strong>befactaverit,</strong></span> <span class='ocrx_word' id='word_1_113' title='bbox 509 1181 547 1248; x_wconf 89' lang='lat' dir='ltr'><strong>in</strong></span> <span class='ocrx_word' id='word_1_114' title='bbox 563 1177 742 1247; x_wconf 89' lang='lat' dir='ltr'><strong>laboribus</strong></span> <span class='ocrx_word' id='word_1_115' title='bbox 756 1167 1019 1263; x_wconf 83' lang='lat' dir='ltr'><strong>gubernationis</strong></span> <span class='ocrx_word' id='word_1_116' title='bbox 1033 1162 1156 1234; x_wconf 91' lang='lat' dir='ltr'><strong>sedulo</strong></span> <span class='ocrx_word' id='word_1_117' title='bbox 1171 1159 1235 1228; x_wconf 91' lang='lat' dir='ltr'><strong>ad·</strong></span> <span class='ocrx_word' id='word_1_118' title='bbox 1283 1154 1449 1230; x_wconf 79' lang='lat' dir='ltr'><strong>Faclrsr&#39;o</strong></span> <span class='ocrx_word' id='word_1_119' title='bbox 1465 1158 1513 1258; x_wconf 89' lang='lat'><strong>¹),</strong></span> <span class='ocrx_word' id='word_1_120' title='bbox 1542 1165 1586 1234; x_wconf 92' lang='lat' dir='ltr'><strong>de</strong></span> <span class='ocrx_word' id='word_1_121' title='bbox 1602 1165 1760 1256; x_wconf 88' lang='lat' dir='ltr'><strong>corporis</strong></span> <span class='ocrx_word' id='word_1_122' title='bbox 1775 1160 1926 1236; x_wconf 89' lang='lat' dir='ltr'><strong>humani</strong></span> <span class='ocrx_word' id='word_1_123' title='bbox 1941 1179 2085 1249; x_wconf 89' lang='lat' dir='ltr'><strong>natura,</strong></span> <span class='ocrx_word' id='word_1_124' title='bbox 2110 1166 2157 1232; x_wconf 83' lang='lat' dir='ltr'><strong>de</strong></span> <span class='ocrx_word' id='word_1_125' title='bbox 2174 1187 2274 1232; x_wconf 70' lang='lat' dir='ltr'><strong>mor.</strong></span> <span class='ocrx_word' id='word_1_126' title='bbox 2341 1229 2342 1260; x_wconf 24' lang='grc'>1</span> 
     </span>
     <span class='ocr_line' id='line_1_11' title="bbox 251 1263 2275 1378; baseline -0.017 -11"><span class='ocrx_word' id='word_1_127' title='bbox 251 1297 351 1370; x_wconf 90' lang='lat' dir='ltr'><strong>iuvit.</strong></span> <span class='ocrx_word' id='word_1_128' title='bbox 378 1289 430 1360; x_wconf 82' lang='lat' dir='ltr'><strong>Ac</strong></span> <span class='ocrx_word' id='word_1_129' title='bbox 445 1283 599 1378; x_wconf 88' lang='lat' dir='ltr'><strong>primurn</strong></span> <span class='ocrx_word' id='word_1_130' title='bbox 613 1275 791 1347; x_wconf 89' lang='lat' dir='ltr'><strong>communi</strong></span> <span class='ocrx_word' id='word_1_131' title='bbox 808 1271 956 1342; x_wconf 90' lang='lat' dir='ltr'><strong>consilio</strong></span> <span class='ocrx_word' id='word_1_132' title='bbox 972 1291 1051 1338; x_wconf 92' lang='lat' dir='ltr'><strong>cum</strong></span> <span class='ocrx_word' id='word_1_133' title='bbox 1067 1263 1235 1334; x_wconf 89' lang='lat' dir='ltr'><strong>fratribus</strong></span> <span class='ocrx_word' id='word_1_134' title='bbox 1285 1265 1410 1332; x_wconf 91' lang='lat' dir='ltr'><strong>borum</strong></span> <span class='ocrx_word' id='word_1_135' title='bbox 1427 1264 1539 1334; x_wconf 90' lang='lat' dir='ltr'><strong>causis</strong></span> <span class='ocrx_word' id='word_1_136' title='bbox 1555 1279 1588 1336; x_wconf 94' lang='lat' dir='ltr'><strong>et</strong></span> <span class='ocrx_word' id='word_1_137' title='bbox 1605 1267 1769 1336; x_wconf 85' lang='lat' dir='ltr'><strong>remediis</strong></span> <span class='ocrx_word' id='word_1_138' title='bbox 1782 1291 1862 1336; x_wconf 91' lang='lat' dir='ltr'><strong>cum</strong></span> <span class='ocrx_word' id='word_1_139' title='bbox 1877 1267 2099 1356; x_wconf 84' lang='lat' dir='ltr'><strong>peritissimis</strong></span> <span class='ocrx_word' id='word_1_140' title='bbox 2113 1265 2275 1348; x_wconf 89' lang='lat' dir='ltr'><strong>medicis,</strong></span> 
     </span>
     <span class='ocr_line' id='line_1_12' title="bbox 252 1359 2274 1472; baseline -0.024 -1"><span class='ocrx_word' id='word_1_141' title='bbox 252 1389 461 1472; x_wconf 81' lang='lat' dir='ltr'><strong>instauravit</strong></span> <span class='ocrx_word' id='word_1_142' title='bbox 482 1381 656 1452; x_wconf 88' lang='lat' dir='ltr'><strong>Ecclesias</strong></span> <span class='ocrx_word' id='word_1_143' title='bbox 679 1379 715 1446; x_wconf 91' lang='lat' dir='ltr'><strong>iu</strong></span> <span class='ocrx_word' id='word_1_144' title='bbox 740 1375 870 1468; x_wconf 91' lang='lat' dir='ltr'><strong>patria,</strong></span> <span class='ocrx_word' id='word_1_145' title='bbox 900 1369 1066 1464; x_wconf 88' lang='lat' dir='ltr'><strong>praefecit</strong></span> <span class='ocrx_word' id='word_1_146' title='bbox 1090 1367 1235 1434; x_wconf 91' lang='lat' dir='ltr'><strong>idoneos</strong></span> <span class='ocrx_word' id='word_1_147' title='bbox 1283 1363 1491 1436; x_wconf 88' lang='lat' dir='ltr'><strong>Sebastiano</strong></span> <span class='ocrx_word' id='word_1_148' title='bbox 1508 1359 1737 1452; x_wconf 78' lang='lat' dir='ltr'><strong>Aarbachio,</strong></span> <span class='ocrx_word' id='word_1_149' title='bbox 1761 1368 1960 1457; x_wconf 85' lang='lat' dir='ltr'><strong>Augustino</strong></span> <span class='ocrx_word' id='word_1_150' title='bbox 1975 1361 2146 1460; x_wconf 82' lang='lat' dir='ltr'><strong>Schurfio</strong></span> <span class='ocrx_word' id='word_1_151' title='bbox 2165 1379 2202 1436; x_wconf 81' lang='lat' dir='ltr'><strong>et</strong></span> <span class='ocrx_word' id='word_1_152' title='bbox 2219 1363 2274 1436; x_wconf 70' lang='lat'><strong>12.</strong></span> 
     </span>
     <span class='ocr_line' id='line_1_13' title="bbox 251 1461 2275 1596; baseline -0.017 -27"><span class='ocrx_word' id='word_1_153' title='bbox 251 1515 426 1596; x_wconf 89' lang='lat' dir='ltr'><strong>pastores,</strong></span> <span class='ocrx_word' id='word_1_154' title='bbox 466 1485 568 1555; x_wconf 89' lang='lat' dir='ltr'><strong>iussit</strong></span> <span class='ocrx_word' id='word_1_155' title='bbox 595 1495 689 1552; x_wconf 91' lang='lat' dir='ltr'><strong>recte</strong></span> <span class='ocrx_word' id='word_1_156' title='bbox 718 1477 835 1548; x_wconf 93' lang='lat' dir='ltr'><strong>doceri</strong></span> <span class='ocrx_word' id='word_1_157' title='bbox 859 1474 1050 1566; x_wconf 92' lang='lat' dir='ltr'><strong>populum,</strong></span> <span class='ocrx_word' id='word_1_158' title='bbox 1083 1465 1235 1536; x_wconf 92' lang='lat' dir='ltr'><strong>abolevit</strong></span> <span class='ocrx_word' id='word_1_159' title='bbox 1284 1469 1373 1536; x_wconf 94' lang='lat' dir='ltr'><strong>cobo</strong></span> <span class='ocrx_word' id='word_1_160' title='bbox 1396 1461 1593 1550; x_wconf 71' lang='lat' dir='ltr'><strong>ltla&#39;tichio,</strong></span> <span class='ocrx_word' id='word_1_161' title='bbox 1631 1471 1674 1538; x_wconf 91' lang='lat' dir='ltr'><strong>de</strong></span> <span class='ocrx_word' id='word_1_162' title='bbox 1698 1469 1859 1540; x_wconf 89' lang='lat' dir='ltr'><strong>doctrina</strong></span> <span class='ocrx_word' id='word_1_163' title='bbox 1883 1467 2061 1540; x_wconf 86' lang='lat' dir='ltr'><strong>Ecclesiae</strong></span> <span class='ocrx_word' id='word_1_164' title='bbox 2082 1493 2165 1540; x_wconf 88' lang='lat' dir='ltr'><strong>curu</strong></span> <span class='ocrx_word' id='word_1_165' title='bbox 2188 1461 2275 1536; x_wconf 84' lang='lat' dir='ltr'><strong>Lu-</strong></span> 
     </span>
    </p>
   </div>
   <div class='ocr_carea' id='block_1_4' title="bbox 251 1561 2273 1878">
    <p class='ocr_par' dir='ltr' id='par_1_4' title="bbox 251 1561 2273 1878">
     <span class='ocr_line' id='line_1_14' title="bbox 252 1561 2273 1674; baseline -0.019 1"><span class='ocrx_word' id='word_1_166' title='bbox 252 1605 340 1674; x_wconf 92' lang='lat' dir='ltr'><strong>ritus</strong></span> <span class='ocrx_word' id='word_1_167' title='bbox 363 1594 524 1670; x_wconf 85' lang='lat' dir='ltr'><strong>vitiosos,</strong></span> <span class='ocrx_word' id='word_1_168' title='bbox 550 1581 731 1654; x_wconf 89' lang='lat' dir='ltr'><strong>constituit</strong></span> <span class='ocrx_word' id='word_1_169' title='bbox 751 1574 904 1662; x_wconf 83' lang='lat' dir='ltr'><strong>scholas,</strong></span> <span class='ocrx_word' id='word_1_170' title='bbox 926 1570 1089 1642; x_wconf 90' lang='lat' dir='ltr'><strong>attribuit</strong></span> <span class='ocrx_word' id='word_1_171' title='bbox 1103 1567 1235 1658; x_wconf 92' lang='lat' dir='ltr'><strong>stipen-</strong></span> <span class='ocrx_word' id='word_1_172' title='bbox 1284 1561 1403 1652; x_wconf 80' lang='lat' dir='ltr'><strong>thero,</strong></span> <span class='ocrx_word' id='word_1_173' title='bbox 1433 1565 1534 1638; x_wconf 85' lang='lat' dir='ltr'><strong>Iona</strong></span> <span class='ocrx_word' id='word_1_174' title='bbox 1556 1584 1590 1640; x_wconf 87' lang='lat' dir='ltr'><strong>ct</strong></span> <span class='ocrx_word' id='word_1_175' title='bbox 1613 1565 1772 1642; x_wconf 87' lang='lat' dir='ltr'><strong>Iohanne</strong></span> <span class='ocrx_word' id='word_1_176' title='bbox 1792 1565 2044 1664; x_wconf 77' lang='lat' dir='ltr'><strong>Bugcnltagio</strong></span> <span class='ocrx_word' id='word_1_177' title='bbox 2061 1569 2273 1648; x_wconf 89' lang='lat' dir='ltr'><strong>Pomerano,</strong></span> 
     </span>
     <span class='ocr_line' id='line_1_15' title="bbox 251 1669 2273 1778; baseline -0.026 -3"><span class='ocrx_word' id='word_1_178' title='bbox 251 1707 321 1778; x_wconf 92' lang='lat' dir='ltr'><strong>dia.</strong></span> <span class='ocrx_word' id='word_1_179' title='bbox 374 1695 426 1766; x_wconf 91' lang='lat' dir='ltr'><strong>lta</strong></span> <span class='ocrx_word' id='word_1_180' title='bbox 448 1691 538 1760; x_wconf 85' lang='lat' dir='ltr'><strong>facta</strong></span> <span class='ocrx_word' id='word_1_181' title='bbox 563 1698 615 1754; x_wconf 91' lang='lat' dir='ltr'><strong>est</strong></span> <span class='ocrx_word' id='word_1_182' title='bbox 638 1681 836 1751; x_wconf 89' lang='lat' dir='ltr'><strong>emendatio</strong></span> <span class='ocrx_word' id='word_1_183' title='bbox 862 1677 939 1746; x_wconf 90' lang='lat' dir='ltr'><strong>siue</strong></span> <span class='ocrx_word' id='word_1_184' title='bbox 958 1669 1235 1743; x_wconf 83' lang='lat' dir='ltr'><strong>dissensionibus</strong></span> <span class='ocrx_word' id='word_1_185' title='bbox 1284 1695 1323 1740; x_wconf 90' lang='lat' dir='ltr'><strong>ac</strong></span> <span class='ocrx_word' id='word_1_186' title='bbox 1345 1669 1473 1740; x_wconf 89' lang='lat' dir='ltr'><strong>multas</strong></span> <span class='ocrx_word' id='word_1_187' title='bbox 1494 1696 1616 1742; x_wconf 89' lang='lat' dir='ltr'><strong>eorum</strong></span> <span class='ocrx_word' id='word_1_188' title='bbox 1641 1673 1896 1763; x_wconf 89' lang='lat' dir='ltr'><strong>disputationes</strong></span> <span class='ocrx_word' id='word_1_189' title='bbox 1918 1674 2039 1763; x_wconf 77' lang='lat' dir='ltr'><strong>plenas</strong></span> <span class='ocrx_word' id='word_1_190' title='bbox 2058 1671 2273 1742; x_wconf 67' lang='lat' dir='ltr'><strong>eruditioni,</strong></span> 
     </span>
     <span class='ocr_line' id='line_1_16' title="bbox 252 1755 2273 1878; baseline -0.018 -2"><span class='ocrx_word' id='word_1_191' title='bbox 252 1822 286 1878; x_wconf 91' lang='lat' dir='ltr'><strong>et</strong></span> <span class='ocrx_word' id='word_1_192' title='bbox 308 1787 655 1873; x_wconf 90' lang='lat' dir='ltr'><strong>sineullotumultu.</strong></span> <span class='ocrx_word' id='word_1_193' title='bbox 707 1769 1236 1862; x_wconf 84' lang='lat' dir='ltr'><strong>Etiudiciisacexemplispio-</strong></span> <span class='ocrx_word' id='word_1_194' title='bbox 1284 1784 1318 1842; x_wconf 87' lang='lat' dir='ltr'><strong>et</strong></span> <span class='ocrx_word' id='word_1_195' title='bbox 1340 1771 1478 1863; x_wconf 88' lang='lat' dir='ltr'><strong>pietatis</strong></span> <span class='ocrx_word' id='word_1_196' title='bbox 1499 1773 1735 1842; x_wconf 88' lang='lat' dir='ltr'><strong>meminimus.</strong></span> <span class='ocrx_word' id='word_1_197' title='bbox 1787 1769 1993 1845; x_wconf 83' lang='lat' dir='ltr'><strong>Assedimus</strong></span> <span class='ocrx_word' id='word_1_198' title='bbox 2016 1799 2095 1844; x_wconf 92' lang='lat' dir='ltr'><strong>cum</strong></span> <span class='ocrx_word' id='word_1_199' title='bbox 2118 1755 2273 1842; x_wconf 88' lang='lat' dir='ltr'><strong>interro-</strong></span> 
     </span>
    </p>
   </div>
   <div class='ocr_carea' id='block_1_5' title="bbox 250 1850 2345 1990">
    <p class='ocr_par' dir='ltr' id='par_1_5' title="bbox 250 1850 2345 1990">
     <span class='ocr_line' id='line_1_17' title="bbox 250 1850 2345 1990; baseline -0.018 -11"><span class='ocrx_word' id='word_1_200' title='bbox 250 1930 329 1978; x_wconf 93' lang='lat' dir='ltr'><strong>rum</strong></span> <span class='ocrx_word' id='word_1_201' title='bbox 344 1895 551 1990; x_wconf 86' lang='lat' dir='ltr'><strong>Principum</strong></span> <span class='ocrx_word' id='word_1_202' title='bbox 574 1885 679 1955; x_wconf 91' lang='lat' dir='ltr'><strong>multi</strong></span> <span class='ocrx_word' id='word_1_203' title='bbox 704 1886 748 1952; x_wconf 93' lang='lat' dir='ltr'><strong>ad</strong></span> <span class='ocrx_word' id='word_1_204' title='bbox 771 1881 986 1971; x_wconf 82' lang='lat' dir='ltr'><strong>agnitionem</strong></span> <span class='ocrx_word' id='word_1_205' title='bbox 1010 1873 1164 1942; x_wconf 88' lang='lat' dir='ltr'><strong>veritatis</strong></span> <span class='ocrx_word' id='word_1_206' title='bbox 1179 1871 1234 1938; x_wconf 91' lang='lat' dir='ltr'><strong>iu·</strong></span> <span class='ocrx_word' id='word_1_207' title='bbox 1284 1885 1382 1962; x_wconf 87' lang='lat' dir='ltr'><strong>garet</strong></span> <span class='ocrx_word' id='word_1_208' title='bbox 1396 1869 1611 1954; x_wconf 90' lang='lat' dir='ltr'><strong>Lutherum‚</strong></span> <span class='ocrx_word' id='word_1_209' title='bbox 1638 1899 1709 1968; x_wconf 92' lang='lat' dir='ltr'><strong>quo</strong></span> <span class='ocrx_word' id='word_1_210' title='bbox 1733 1877 1839 1945; x_wconf 88' lang='lat' dir='ltr'><strong>modo</strong></span> <span class='ocrx_word' id='word_1_211' title='bbox 1862 1875 2038 1946; x_wconf 87' lang='lat' dir='ltr'><strong>invocatio</strong></span> <span class='ocrx_word' id='word_1_212' title='bbox 2060 1877 2099 1944; x_wconf 91' lang='lat' dir='ltr'><strong>in</strong></span> <span class='ocrx_word' id='word_1_213' title='bbox 2114 1871 2274 1944; x_wconf 90' lang='lat' dir='ltr'><strong>Ecclesia</strong></span> <span class='ocrx_word' id='word_1_214' title='bbox 2344 1850 2345 1900; x_wconf 31' lang='grc' dir='ltr'><strong>ἓ</strong></span> 
     </span>
    </p>
   </div>
   <div class='ocr_carea' id='block_1_6' title="bbox 251 1969 2275 2079">
    <p class='ocr_par' dir='ltr' id='par_1_6' title="bbox 251 1969 2275 2079">
     <span class='ocr_line' id='line_1_18' title="bbox 251 1969 2275 2079; baseline -0.015 -3"><span class='ocrx_word' id='word_1_215' title='bbox 251 2005 353 2078; x_wconf 88' lang='lat' dir='ltr'><strong>vitati</strong></span> <span class='ocrx_word' id='word_1_216' title='bbox 376 2009 478 2079; x_wconf 89' lang='lat' dir='ltr'><strong>suut,</strong></span> <span class='ocrx_word' id='word_1_217' title='bbox 508 1989 612 2058; x_wconf 90' lang='lat' dir='ltr'><strong>multi</strong></span> <span class='ocrx_word' id='word_1_218' title='bbox 635 1984 842 2056; x_wconf 86' lang='lat' dir='ltr'><strong>confirmati.</strong></span> <span class='ocrx_word' id='word_1_219' title='bbox 900 1979 1027 2048; x_wconf 88' lang='lat' dir='ltr'><strong>Postea</strong></span> <span class='ocrx_word' id='word_1_220' title='bbox 1050 1987 1083 2044; x_wconf 90' lang='lat' dir='ltr'><strong>et</strong></span> <span class='ocrx_word' id='word_1_221' title='bbox 1106 1975 1143 2042; x_wconf 91' lang='lat' dir='ltr'><strong>in</strong></span> <span class='ocrx_word' id='word_1_222' title='bbox 1159 1971 1236 2038; x_wconf 90' lang='lat' dir='ltr'><strong>aliis</strong></span> <span class='ocrx_word' id='word_1_223' title='bbox 1285 1975 1515 2045; x_wconf 90' lang='lat' dir='ltr'><strong>discernenda</strong></span> <span class='ocrx_word' id='word_1_224' title='bbox 1547 1977 1592 2044; x_wconf 89' lang='lat' dir='ltr'><strong>sit</strong></span> <span class='ocrx_word' id='word_1_225' title='bbox 1617 1977 1663 2044; x_wconf 92' lang='lat' dir='ltr'><strong>ab</strong></span> <span class='ocrx_word' id='word_1_226' title='bbox 1689 1969 1829 2046; x_wconf 91' lang='lat' dir='ltr'><strong>ethnica</strong></span> <span class='ocrx_word' id='word_1_227' title='bbox 1855 1977 2096 2061; x_wconf 90' lang='lat' dir='ltr'><strong>invocatione,</strong></span> <span class='ocrx_word' id='word_1_228' title='bbox 2130 2001 2213 2046; x_wconf 90' lang='lat' dir='ltr'><strong>curn</strong></span> <span class='ocrx_word' id='word_1_229' title='bbox 2240 1990 2275 2046; x_wconf 94' lang='lat' dir='ltr'><strong>et</strong></span> 
     </span>
    </p>
   </div>
   <div class='ocr_carea' id='block_1_7' title="bbox 251 2070 2346 2202">
    <p class='ocr_par' dir='ltr' id='par_1_7' title="bbox 251 2070 2346 2202">
     <span class='ocr_line' id='line_1_19' title="bbox 251 2070 2346 2202; baseline -0.016 -23"><span class='ocrx_word' id='word_1_230' title='bbox 251 2105 411 2202; x_wconf 91' lang='lat' dir='ltr'><strong>partibus</strong></span> <span class='ocrx_word' id='word_1_231' title='bbox 434 2089 698 2188; x_wconf 88' lang='lat' dir='ltr'><strong>gubernationis</strong></span> <span class='ocrx_word' id='word_1_232' title='bbox 720 2085 869 2154; x_wconf 89' lang='lat' dir='ltr'><strong>fideliter</strong></span> <span class='ocrx_word' id='word_1_233' title='bbox 892 2095 926 2150; x_wconf 90' lang='lat' dir='ltr'><strong>et</strong></span> <span class='ocrx_word' id='word_1_234' title='bbox 947 2077 1081 2148; x_wconf 89' lang='lat' dir='ltr'><strong>utiliter</strong></span> <span class='ocrx_word' id='word_1_235' title='bbox 1103 2071 1236 2167; x_wconf 76' lang='lat' dir='ltr'><strong>patriae</strong></span> <span class='ocrx_word' id='word_1_236' title='bbox 1285 2070 1429 2144; x_wconf 88' lang='lat' dir='ltr'><strong>Ethnici</strong></span> <span class='ocrx_word' id='word_1_237' title='bbox 1443 2101 1517 2146; x_wconf 90' lang='lat' dir='ltr'><strong>non</strong></span> <span class='ocrx_word' id='word_1_238' title='bbox 1532 2076 1657 2146; x_wconf 90' lang='lat' dir='ltr'><strong>furiosi</strong></span> <span class='ocrx_word' id='word_1_239' title='bbox 1672 2078 1877 2166; x_wconf 75' lang='lat' dir='ltr'><strong>cogitarim,</strong></span> <span class='ocrx_word' id='word_1_240' title='bbox 1902 2102 2010 2148; x_wconf 87' lang='lat' dir='ltr'><strong>unam</strong></span> <span class='ocrx_word' id='word_1_241' title='bbox 2028 2101 2101 2148; x_wconf 90' lang='lat' dir='ltr'><strong>esse</strong></span> <span class='ocrx_word' id='word_1_242' title='bbox 2117 2091 2274 2148; x_wconf 90' lang='lat' dir='ltr'><strong>mentem</strong></span> <span class='ocrx_word' id='word_1_243' title='bbox 2345 2112 2346 2128; x_wconf 66' lang='lat'>2</span> 
     </span>
    </p>
   </div>
   <div class='ocr_carea' id='block_1_8' title="bbox 252 2171 2276 2605">
    <p class='ocr_par' dir='ltr' id='par_1_8' title="bbox 252 2171 2276 2605">
     <span class='ocr_line' id='line_1_20' title="bbox 252 2171 2275 2280; baseline -0.017 1"><span class='ocrx_word' id='word_1_244' title='bbox 252 2205 408 2280; x_wconf 90' lang='lat' dir='ltr'><strong>servivit.</strong></span> <span class='ocrx_word' id='word_1_245' title='bbox 465 2193 602 2266; x_wconf 90' lang='lat' dir='ltr'><strong>Deinde</strong></span> <span class='ocrx_word' id='word_1_246' title='bbox 630 2201 775 2258; x_wconf 90' lang='lat' dir='ltr'><strong>vocatus</strong></span> <span class='ocrx_word' id='word_1_247' title='bbox 798 2187 842 2254; x_wconf 92' lang='lat' dir='ltr'><strong>ad</strong></span> <span class='ocrx_word' id='word_1_248' title='bbox 864 2181 1038 2254; x_wconf 89' lang='lat' dir='ltr'><strong>Ecclcslas</strong></span> <span class='ocrx_word' id='word_1_249' title='bbox 1066 2175 1236 2267; x_wconf 87' lang='lat' dir='ltr'><strong>regendas</strong></span> <span class='ocrx_word' id='word_1_250' title='bbox 1285 2171 1561 2248; x_wconf 90' lang='lat' dir='ltr'><strong>architectricem</strong></span> <span class='ocrx_word' id='word_1_251' title='bbox 1581 2179 1730 2248; x_wconf 83' lang='lat' dir='ltr'><strong>mundi?</strong></span> <span class='ocrx_word' id='word_1_252' title='bbox 1787 2177 1843 2248; x_wconf 92' lang='lat' dir='ltr'><strong>lbi</strong></span> <span class='ocrx_word' id='word_1_253' title='bbox 1863 2171 2054 2250; x_wconf 81' lang='lat' dir='ltr'><strong>Lutherus</strong></span> <span class='ocrx_word' id='word_1_254' title='bbox 2077 2179 2275 2269; x_wconf 88' lang='lat' dir='ltr'><strong>respondit,</strong></span> 
     </span>
     <span class='ocr_line' id='line_1_21' title="bbox 252 2274 2275 2388; baseline -0.016 -8"><span class='ocrx_word' id='word_1_255' title='bbox 252 2315 289 2382; x_wconf 91' lang='lat' dir='ltr'><strong>in</strong></span> <span class='ocrx_word' id='word_1_256' title='bbox 307 2294 573 2388; x_wconf 75' lang='lat' dir='ltr'><strong>mersburgensi</strong></span> <span class='ocrx_word' id='word_1_257' title='bbox 597 2291 745 2374; x_wconf 80' lang='lat' dir='ltr'><strong>diocesi,</strong></span> <span class='ocrx_word' id='word_1_258' title='bbox 777 2288 829 2366; x_wconf 90' lang='lat' dir='ltr'><strong>ibi</strong></span> <span class='ocrx_word' id='word_1_259' title='bbox 850 2306 991 2380; x_wconf 91' lang='lat' dir='ltr'><strong>quoque</strong></span> <span class='ocrx_word' id='word_1_260' title='bbox 1009 2293 1102 2350; x_wconf 88' lang='lat' dir='ltr'><strong>recte</strong></span> <span class='ocrx_word' id='word_1_261' title='bbox 1118 2274 1235 2346; x_wconf 93' lang='lat' dir='ltr'><strong>doceri</strong></span> <span class='ocrx_word' id='word_1_262' title='bbox 1285 2301 1422 2368; x_wconf 92' lang='lat' dir='ltr'><strong>semper</strong></span> <span class='ocrx_word' id='word_1_263' title='bbox 1437 2279 1475 2348; x_wconf 90' lang='lat' dir='ltr'><strong>in</strong></span> <span class='ocrx_word' id='word_1_264' title='bbox 1490 2280 1713 2350; x_wconf 90' lang='lat' dir='ltr'><strong>invocatione</strong></span> <span class='ocrx_word' id='word_1_265' title='bbox 1726 2281 1951 2370; x_wconf 89' lang='lat' dir='ltr'><strong>cogitandum</strong></span> <span class='ocrx_word' id='word_1_266' title='bbox 1968 2303 2058 2365; x_wconf 88' lang='lat' dir='ltr'><strong>esse,</strong></span> <span class='ocrx_word' id='word_1_267' title='bbox 2081 2281 2169 2373; x_wconf 88' lang='lat' dir='ltr'><strong>qnid</strong></span> <span class='ocrx_word' id='word_1_268' title='bbox 2181 2280 2275 2348; x_wconf 91' lang='lat' dir='ltr'><strong>allo-</strong></span> 
     </span>
     <span class='ocr_line' id='line_1_22' title="bbox 252 2380 2276 2506; baseline -0.014 -26"><span class='ocrx_word' id='word_1_269' title='bbox 252 2409 424 2506; x_wconf 91' lang='lat' dir='ltr'><strong>populum</strong></span> <span class='ocrx_word' id='word_1_270' title='bbox 447 2397 601 2478; x_wconf 91' lang='lat' dir='ltr'><strong>curavit,</strong></span> <span class='ocrx_word' id='word_1_271' title='bbox 633 2406 668 2464; x_wconf 91' lang='lat' dir='ltr'><strong>et</strong></span> <span class='ocrx_word' id='word_1_272' title='bbox 691 2390 841 2482; x_wconf 85' lang='lat' dir='ltr'><strong>praefuit</strong></span> <span class='ocrx_word' id='word_1_273' title='bbox 865 2383 1030 2456; x_wconf 81' lang='lat' dir='ltr'><strong>Ecclesiis</strong></span> <span class='ocrx_word' id='word_1_274' title='bbox 1051 2380 1237 2450; x_wconf 75' lang='lat' dir='ltr'><strong>universae</strong></span> <span class='ocrx_word' id='word_1_275' title='bbox 1286 2404 1454 2472; x_wconf 91' lang='lat' dir='ltr'><strong>quamur,</strong></span> <span class='ocrx_word' id='word_1_276' title='bbox 1480 2395 1515 2451; x_wconf 90' lang='lat' dir='ltr'><strong>et</strong></span> <span class='ocrx_word' id='word_1_277' title='bbox 1535 2382 1791 2470; x_wconf 90' lang='lat' dir='ltr'><strong>seiungendum</strong></span> <span class='ocrx_word' id='word_1_278' title='bbox 1810 2405 1883 2452; x_wconf 86' lang='lat' dir='ltr'><strong>erse</strong></span> <span class='ocrx_word' id='word_1_279' title='bbox 1901 2395 2058 2453; x_wconf 89' lang='lat' dir='ltr'><strong>nostram</strong></span> <span class='ocrx_word' id='word_1_280' title='bbox 2075 2382 2276 2452; x_wconf 87' lang='lat' dir='ltr'><strong>invocatio-</strong></span> 
     </span>
     <span class='ocr_line' id='line_1_23' title="bbox 252 2476 2275 2605; baseline -0.016 -21"><span class='ocrx_word' id='word_1_281' title='bbox 252 2509 407 2605; x_wconf 89' lang='lat' dir='ltr'><strong>regionis</strong></span> <span class='ocrx_word' id='word_1_282' title='bbox 420 2501 622 2596; x_wconf 90' lang='lat' dir='ltr'><strong>Mysorum,</strong></span> <span class='ocrx_word' id='word_1_283' title='bbox 646 2495 783 2590; x_wconf 85' lang='lat' dir='ltr'><strong>fuitque</strong></span> <span class='ocrx_word' id='word_1_284' title='bbox 808 2487 866 2558; x_wconf 94' lang='lat' dir='ltr'><strong>hic</strong></span> <span class='ocrx_word' id='word_1_285' title='bbox 882 2488 914 2556; x_wconf 90' lang='lat' dir='ltr'><strong>ei</strong></span> <span class='ocrx_word' id='word_1_286' title='bbox 931 2486 1023 2554; x_wconf 91' lang='lat' dir='ltr'><strong>vitae</strong></span> <span class='ocrx_word' id='word_1_287' title='bbox 1039 2504 1161 2551; x_wconf 89' lang='lat' dir='ltr'><strong>cursus</strong></span> <span class='ocrx_word' id='word_1_288' title='bbox 1173 2501 1237 2548; x_wconf 90' lang='lat' dir='ltr'><strong>au·</strong></span> <span class='ocrx_word' id='word_1_289' title='bbox 1286 2504 1366 2550; x_wconf 90' lang='lat' dir='ltr'><strong>nem</strong></span> <span class='ocrx_word' id='word_1_290' title='bbox 1382 2483 1427 2552; x_wconf 91' lang='lat' dir='ltr'><strong>ab</strong></span> <span class='ocrx_word' id='word_1_291' title='bbox 1443 2476 1601 2564; x_wconf 89' lang='lat' dir='ltr'><strong>ethnica,</strong></span> <span class='ocrx_word' id='word_1_292' title='bbox 1627 2507 1666 2552; x_wconf 90' lang='lat' dir='ltr'><strong>ac</strong></span> <span class='ocrx_word' id='word_1_293' title='bbox 1680 2483 1865 2574; x_wconf 90' lang='lat' dir='ltr'><strong>praecipue</strong></span> <span class='ocrx_word' id='word_1_294' title='bbox 1879 2507 1951 2554; x_wconf 87' lang='lat' dir='ltr'><strong>esse</strong></span> <span class='ocrx_word' id='word_1_295' title='bbox 1967 2485 2039 2554; x_wconf 91' lang='lat' dir='ltr'><strong>duo</strong></span> <span class='ocrx_word' id='word_1_296' title='bbox 2054 2483 2275 2571; x_wconf 88' lang='lat' dir='ltr'><strong>discrimina,</strong></span> 
     </span>
    </p>
   </div>
   <div class='ocr_carea' id='block_1_9' title="bbox 131 2582 2276 2696">
    <p class='ocr_par' dir='ltr' id='par_1_9' title="bbox 131 2582 2276 2696">
     <span class='ocr_line' id='line_1_24' title="bbox 131 2582 2276 2696; baseline -0.016 -8"><span class='ocrx_word' id='word_1_297' title='bbox 131 2663 134 2672; x_wconf 86' lang='lat'><em>·</em></span> <span class='ocrx_word' id='word_1_298' title='bbox 252 2639 319 2688; x_wconf 91' lang='lat' dir='ltr'><strong>nos</strong></span> <span class='ocrx_word' id='word_1_299' title='bbox 334 2613 406 2680; x_wconf 87' lang='lat' dir='ltr'><strong>fere</strong></span> <span class='ocrx_word' id='word_1_300' title='bbox 422 2601 566 2696; x_wconf 83' lang='lat' dir='ltr'><strong>viginti,</strong></span> <span class='ocrx_word' id='word_1_301' title='bbox 591 2598 703 2666; x_wconf 85' lang='lat' dir='ltr'><strong>donec</strong></span> <span class='ocrx_word' id='word_1_302' title='bbox 720 2617 761 2661; x_wconf 87' lang='lat' dir='ltr'><strong>ex</strong></span> <span class='ocrx_word' id='word_1_303' title='bbox 774 2587 839 2660; x_wconf 91' lang='lat' dir='ltr'><strong>hac</strong></span> <span class='ocrx_word' id='word_1_304' title='bbox 855 2587 997 2658; x_wconf 86' lang='lat' dir='ltr'><strong>mortali</strong></span> <span class='ocrx_word' id='word_1_305' title='bbox 1011 2585 1082 2654; x_wconf 83' lang='lat' dir='ltr'><strong>vita</strong></span> <span class='ocrx_word' id='word_1_306' title='bbox 1098 2584 1140 2652; x_wconf 85' lang='lat' dir='ltr'><strong>ad</strong></span> <span class='ocrx_word' id='word_1_307' title='bbox 1157 2603 1237 2649; x_wconf 82' lang='lat' dir='ltr'><strong>coe·</strong></span> <span class='ocrx_word' id='word_1_308' title='bbox 1286 2583 1436 2652; x_wconf 88' lang='lat' dir='ltr'><strong>alterum</strong></span> <span class='ocrx_word' id='word_1_309' title='bbox 1455 2583 1499 2652; x_wconf 90' lang='lat' dir='ltr'><strong>de</strong></span> <span class='ocrx_word' id='word_1_310' title='bbox 1513 2584 1662 2652; x_wconf 89' lang='lat' dir='ltr'><strong>essentia</strong></span> <span class='ocrx_word' id='word_1_311' title='bbox 1677 2582 1756 2666; x_wconf 91' lang='lat' dir='ltr'><strong>Dei,</strong></span> <span class='ocrx_word' id='word_1_312' title='bbox 1781 2585 1930 2654; x_wconf 89' lang='lat' dir='ltr'><strong>alterurn</strong></span> <span class='ocrx_word' id='word_1_313' title='bbox 1947 2587 1989 2654; x_wconf 92' lang='lat' dir='ltr'><strong>de</strong></span> <span class='ocrx_word' id='word_1_314' title='bbox 2005 2585 2208 2668; x_wconf 89' lang='lat' dir='ltr'><strong>voluntate,</strong></span> <span class='ocrx_word' id='word_1_315' title='bbox 2234 2607 2276 2654; x_wconf 89' lang='lat' dir='ltr'><strong>ac</strong></span> 
     </span>
    </p>
   </div>
   <div class='ocr_carea' id='block_1_10' title="bbox 187 2679 2283 5228">
    <p class='ocr_par' dir='ltr' id='par_1_10' title="bbox 187 2679 2283 5228">
     <span class='ocr_line' id='line_1_25' title="bbox 187 2679 2275 2788; baseline -0.017 1"><span class='ocrx_word' id='word_1_316' title='bbox 187 2725 191 2742; x_wconf 86' lang='lat'>&#39;</span> <span class='ocrx_word' id='word_1_317' title='bbox 252 2717 349 2788; x_wconf 90' lang='lat' dir='ltr'><strong>lestis</strong></span> <span class='ocrx_word' id='word_1_318' title='bbox 388 2701 565 2780; x_wconf 87' lang='lat' dir='ltr'><strong>Ecclesiae</strong></span> <span class='ocrx_word' id='word_1_319' title='bbox 599 2697 796 2766; x_wconf 88' lang='lat' dir='ltr'><strong>societatem</strong></span> <span class='ocrx_word' id='word_1_320' title='bbox 830 2705 973 2760; x_wconf 90' lang='lat' dir='ltr'><strong>vocatus</strong></span> <span class='ocrx_word' id='word_1_321' title='bbox 1007 2697 1069 2756; x_wconf 91' lang='lat' dir='ltr'><strong>est.</strong></span> <span class='ocrx_word' id='word_1_322' title='bbox 1137 2679 1238 2750; x_wconf 80' lang='lat' dir='ltr'><strong>Vixit</strong></span> <span class='ocrx_word' id='word_1_323' title='bbox 1286 2685 1330 2752; x_wconf 94' lang='lat' dir='ltr'><strong>de</strong></span> <span class='ocrx_word' id='word_1_324' title='bbox 1352 2697 1503 2779; x_wconf 88' lang='lat' dir='ltr'><strong>utroque</strong></span> <span class='ocrx_word' id='word_1_325' title='bbox 1527 2685 1729 2756; x_wconf 90' lang='lat' dir='ltr'><strong>discrimine</strong></span> <span class='ocrx_word' id='word_1_326' title='bbox 1746 2699 1865 2756; x_wconf 88' lang='lat' dir='ltr'><strong>mente</strong></span> <span class='ocrx_word' id='word_1_327' title='bbox 1881 2686 2070 2756; x_wconf 87' lang='lat' dir='ltr'><strong>intuendas</strong></span> <span class='ocrx_word' id='word_1_328' title='bbox 2085 2707 2158 2756; x_wconf 82' lang='lat' dir='ltr'><strong>esse</strong></span> <span class='ocrx_word' id='word_1_329' title='bbox 2174 2698 2275 2776; x_wconf 89' lang='lat' dir='ltr'><strong>pate-</strong></span> 
     </span>
     <span class='ocr_line' id='line_1_26' title="bbox 254 2777 2277 2892; baseline -0.011 -12"><span class='ocrx_word' id='word_1_330' title='bbox 254 2832 368 2892; x_wconf 74' lang='lat' dir='ltr'><strong>castus</strong></span> <span class='ocrx_word' id='word_1_331' title='bbox 401 2811 441 2878; x_wconf 92' lang='lat' dir='ltr'><strong>in</strong></span> <span class='ocrx_word' id='word_1_332' title='bbox 473 2805 545 2872; x_wconf 90' lang='lat' dir='ltr'><strong>vita</strong></span> <span class='ocrx_word' id='word_1_333' title='bbox 577 2798 687 2868; x_wconf 90' lang='lat' dir='ltr'><strong>cellbc</strong></span> <span class='ocrx_word' id='word_1_334' title='bbox 720 2797 794 2864; x_wconf 90' lang='lat' dir='ltr'><strong>sine</strong></span> <span class='ocrx_word' id='word_1_335' title='bbox 827 2791 900 2862; x_wconf 88' lang='lat' dir='ltr'><strong>ulla</strong></span> <span class='ocrx_word' id='word_1_336' title='bbox 930 2783 1238 2858; x_wconf 85' lang='lat' dir='ltr'><strong>contaminatione.</strong></span> <span class='ocrx_word' id='word_1_337' title='bbox 1286 2786 1454 2856; x_wconf 89' lang='lat' dir='ltr'><strong>factiones</strong></span> <span class='ocrx_word' id='word_1_338' title='bbox 1468 2786 1608 2856; x_wconf 87' lang='lat' dir='ltr'><strong>divinas</strong></span> <span class='ocrx_word' id='word_1_339' title='bbox 1625 2786 1663 2856; x_wconf 90' lang='lat' dir='ltr'><strong>in</strong></span> <span class='ocrx_word' id='word_1_340' title='bbox 1679 2787 1853 2879; x_wconf 89' lang='lat' dir='ltr'><strong>baptismo</strong></span> <span class='ocrx_word' id='word_1_341' title='bbox 1869 2785 1934 2856; x_wconf 89' lang='lat' dir='ltr'><strong>filii</strong></span> <span class='ocrx_word' id='word_1_342' title='bbox 1948 2801 1983 2858; x_wconf 95' lang='lat' dir='ltr'><strong>et</strong></span> <span class='ocrx_word' id='word_1_343' title='bbox 1997 2788 2102 2872; x_wconf 88' lang='lat' dir='ltr'><strong>alias,</strong></span> <span class='ocrx_word' id='word_1_344' title='bbox 2127 2777 2168 2856; x_wconf 76' lang='lat' dir='ltr'><strong>ac&#39;</strong></span> <span class='ocrx_word' id='word_1_345' title='bbox 2189 2811 2277 2878; x_wconf 87' lang='lat' dir='ltr'><strong>pro·</strong></span> 
     </span>
     <span class='ocr_line' id='line_1_27' title="bbox 253 2885 2278 2994; baseline -0.017 -2"><span class='ocrx_word' id='word_1_346' title='bbox 253 2913 467 2992; x_wconf 88' lang='lat' dir='ltr'><strong>Cubiculum</strong></span> <span class='ocrx_word' id='word_1_347' title='bbox 485 2905 558 2974; x_wconf 90' lang='lat' dir='ltr'><strong>eius</strong></span> <span class='ocrx_word' id='word_1_348' title='bbox 572 2911 645 2968; x_wconf 87' lang='lat' dir='ltr'><strong>erat</strong></span> <span class='ocrx_word' id='word_1_349' title='bbox 664 2897 847 2994; x_wconf 90' lang='lat' dir='ltr'><strong>templum,</strong></span> <span class='ocrx_word' id='word_1_350' title='bbox 874 2888 1062 2962; x_wconf 86' lang='lat' dir='ltr'><strong>Academia</strong></span> <span class='ocrx_word' id='word_1_351' title='bbox 1081 2901 1115 2956; x_wconf 90' lang='lat' dir='ltr'><strong>et</strong></span> <span class='ocrx_word' id='word_1_352' title='bbox 1130 2885 1237 2956; x_wconf 91' lang='lat' dir='ltr'><strong>curia.</strong></span> <span class='ocrx_word' id='word_1_353' title='bbox 1288 2887 1473 2959; x_wconf 88' lang='lat' dir='ltr'><strong>missiones</strong></span> <span class='ocrx_word' id='word_1_354' title='bbox 1490 2888 1661 2958; x_wconf 84' lang='lat' dir='ltr'><strong>divinitus</strong></span> <span class='ocrx_word' id='word_1_355' title='bbox 1676 2889 1833 2962; x_wconf 89' lang='lat' dir='ltr'><strong>traditas.</strong></span> <span class='ocrx_word' id='word_1_356' title='bbox 1883 2886 1986 2960; x_wconf 90' lang='lat' dir='ltr'><strong>Hanc</strong></span> <span class='ocrx_word' id='word_1_357' title='bbox 2000 2889 2113 2980; x_wconf 88' lang='lat' dir='ltr'><strong>ipsam</strong></span> <span class='ocrx_word' id='word_1_358' title='bbox 2129 2889 2177 2958; x_wconf 92' lang='lat' dir='ltr'><strong>ob</strong></span> <span class='ocrx_word' id='word_1_359' title='bbox 2190 2912 2278 2958; x_wconf 90' lang='lat' dir='ltr'><strong>can-</strong></span> 
     </span>
     <span class='ocr_line' id='line_1_28' title="bbox 253 2985 2277 3092; baseline -0.017 0"><span class='ocrx_word' id='word_1_360' title='bbox 253 3021 344 3092; x_wconf 89' lang='lat' dir='ltr'><strong>Nam</strong></span> <span class='ocrx_word' id='word_1_361' title='bbox 368 3013 419 3084; x_wconf 91' lang='lat' dir='ltr'><strong>ibi</strong></span> <span class='ocrx_word' id='word_1_362' title='bbox 445 3005 530 3079; x_wconf 91' lang='lat' dir='ltr'><strong>haec</strong></span> <span class='ocrx_word' id='word_1_363' title='bbox 553 3003 683 3071; x_wconf 88' lang='lat' dir='ltr'><strong>fiebant</strong></span> <span class='ocrx_word' id='word_1_364' title='bbox 708 2996 883 3092; x_wconf 88' lang='lat' dir='ltr'><strong>quotidie,</strong></span> <span class='ocrx_word' id='word_1_365' title='bbox 914 2989 1090 3084; x_wconf 91' lang='lat' dir='ltr'><strong>precatio,</strong></span> <span class='ocrx_word' id='word_1_366' title='bbox 1123 2985 1238 3068; x_wconf 90' lang='lat' dir='ltr'><strong>lectio,</strong></span> <span class='ocrx_word' id='word_1_367' title='bbox 1287 3013 1361 3058; x_wconf 87' lang='lat' dir='ltr'><strong>sam</strong></span> <span class='ocrx_word' id='word_1_368' title='bbox 1388 2989 1560 3080; x_wconf 91' lang='lat' dir='ltr'><strong>prodiisse</strong></span> <span class='ocrx_word' id='word_1_369' title='bbox 1583 2987 1697 3060; x_wconf 90' lang='lat' dir='ltr'><strong>Deum</strong></span> <span class='ocrx_word' id='word_1_370' title='bbox 1725 3015 1767 3060; x_wconf 84' lang='lat' dir='ltr'><strong>ex</strong></span> <span class='ocrx_word' id='word_1_371' title='bbox 1796 3013 1923 3060; x_wconf 89' lang='lat' dir='ltr'><strong>arcana</strong></span> <span class='ocrx_word' id='word_1_372' title='bbox 1953 2991 2054 3070; x_wconf 91' lang='lat' dir='ltr'><strong>sede,</strong></span> <span class='ocrx_word' id='word_1_373' title='bbox 2088 3003 2129 3060; x_wconf 91' lang='lat' dir='ltr'><strong>ut</strong></span> <span class='ocrx_word' id='word_1_374' title='bbox 2157 2987 2277 3059; x_wconf 89' lang='lat' dir='ltr'><strong>iubis</strong></span> 
     </span>
     <span class='ocr_line' id='line_1_29' title="bbox 255 3083 2276 3212; baseline -0.016 -20"><span class='ocrx_word' id='word_1_375' title='bbox 255 3117 400 3212; x_wconf 88' lang='lat' dir='ltr'><strong>scriptio</strong></span> <span class='ocrx_word' id='word_1_376' title='bbox 429 3123 463 3180; x_wconf 90' lang='lat' dir='ltr'><strong>et</strong></span> <span class='ocrx_word' id='word_1_377' title='bbox 493 3103 765 3178; x_wconf 87' lang='lat' dir='ltr'><strong>deliberationes</strong></span> <span class='ocrx_word' id='word_1_378' title='bbox 786 3101 830 3168; x_wconf 91' lang='lat' dir='ltr'><strong>de</strong></span> <span class='ocrx_word' id='word_1_379' title='bbox 854 3092 1119 3186; x_wconf 83' lang='lat' dir='ltr'><strong>gubernatione.</strong></span> <span class='ocrx_word' id='word_1_380' title='bbox 1173 3083 1238 3170; x_wconf 81' lang='lat' dir='ltr'><strong>Ae,</strong></span> <span class='ocrx_word' id='word_1_381' title='bbox 1289 3091 1579 3181; x_wconf 88' lang='lat' dir='ltr'><strong>patefactionibus</strong></span> <span class='ocrx_word' id='word_1_382' title='bbox 1593 3103 1820 3180; x_wconf 87' lang='lat' dir='ltr'><strong>agnoscatur,</strong></span> <span class='ocrx_word' id='word_1_383' title='bbox 1847 3105 1880 3162; x_wconf 84' lang='lat' dir='ltr'><strong>st</strong></span> <span class='ocrx_word' id='word_1_384' title='bbox 1896 3113 1916 3160; x_wconf 88' lang='lat' dir='ltr'><strong>a</strong></span> <span class='ocrx_word' id='word_1_385' title='bbox 1931 3090 2187 3162; x_wconf 86' lang='lat' dir='ltr'><strong>commenticiis</strong></span> <span class='ocrx_word' id='word_1_386' title='bbox 2205 3115 2276 3160; x_wconf 92' lang='lat' dir='ltr'><strong>nu-</strong></span> 
     </span>
     <span class='ocr_line' id='line_1_30' title="bbox 254 3187 2278 3300; baseline -0.017 -5"><span class='ocrx_word' id='word_1_387' title='bbox 254 3237 295 3294; x_wconf 88' lang='lat' dir='ltr'><strong>ut</strong></span> <span class='ocrx_word' id='word_1_388' title='bbox 310 3218 460 3297; x_wconf 87' lang='lat' dir='ltr'><strong>Esdras,</strong></span> <span class='ocrx_word' id='word_1_389' title='bbox 492 3222 641 3300; x_wconf 90' lang='lat' dir='ltr'><strong>utraque</strong></span> <span class='ocrx_word' id='word_1_390' title='bbox 666 3204 704 3271; x_wconf 90' lang='lat' dir='ltr'><strong>in</strong></span> <span class='ocrx_word' id='word_1_391' title='bbox 727 3226 765 3270; x_wconf 91' lang='lat' dir='ltr'><strong>re</strong></span> <span class='ocrx_word' id='word_1_392' title='bbox 790 3198 920 3291; x_wconf 89' lang='lat' dir='ltr'><strong>patriae</strong></span> <span class='ocrx_word' id='word_1_393' title='bbox 942 3193 1093 3286; x_wconf 89' lang='lat' dir='ltr'><strong>profuit;</strong></span> <span class='ocrx_word' id='word_1_394' title='bbox 1119 3187 1239 3258; x_wconf 90' lang='lat' dir='ltr'><strong>docuit</strong></span> <span class='ocrx_word' id='word_1_395' title='bbox 1289 3191 1444 3267; x_wconf 86' lang='lat' dir='ltr'><strong>minibus</strong></span> <span class='ocrx_word' id='word_1_396' title='bbox 1461 3191 1584 3282; x_wconf 90' lang='lat' dir='ltr'><strong>procul</strong></span> <span class='ocrx_word' id='word_1_397' title='bbox 1600 3193 1829 3282; x_wconf 86' lang='lat' dir='ltr'><strong>seiungatur.</strong></span> <span class='ocrx_word' id='word_1_398' title='bbox 1855 3188 1908 3262; x_wconf 84' lang='lat' dir='ltr'><strong>Ac</strong></span> <span class='ocrx_word' id='word_1_399' title='bbox 1924 3193 1961 3261; x_wconf 94' lang='lat' dir='ltr'><strong>in</strong></span> <span class='ocrx_word' id='word_1_400' title='bbox 1978 3193 2191 3282; x_wconf 88' lang='lat' dir='ltr'><strong>cogitatione</strong></span> <span class='ocrx_word' id='word_1_401' title='bbox 2207 3189 2278 3262; x_wconf 90' lang='lat' dir='ltr'><strong>Es-</strong></span> 
     </span>
     <span class='ocr_line' id='line_1_31' title="bbox 255 3288 2276 3396; baseline -0.017 0"><span class='ocrx_word' id='word_1_402' title='bbox 255 3336 289 3396; x_wconf 90' lang='lat' dir='ltr'><strong>et</strong></span> <span class='ocrx_word' id='word_1_403' title='bbox 304 3312 525 3392; x_wconf 87' lang='lat' dir='ltr'><strong>confirmavit</strong></span> <span class='ocrx_word' id='word_1_404' title='bbox 538 3307 668 3376; x_wconf 87' lang='lat' dir='ltr'><strong>multos</strong></span> <span class='ocrx_word' id='word_1_405' title='bbox 681 3301 910 3372; x_wconf 89' lang='lat' dir='ltr'><strong>concionibus</strong></span> <span class='ocrx_word' id='word_1_406' title='bbox 926 3309 959 3366; x_wconf 92' lang='lat' dir='ltr'><strong>et</strong></span> <span class='ocrx_word' id='word_1_407' title='bbox 973 3293 1077 3364; x_wconf 91' lang='lat' dir='ltr'><strong>editis</strong></span> <span class='ocrx_word' id='word_1_408' title='bbox 1091 3289 1156 3360; x_wconf 89' lang='lat' dir='ltr'><strong>scri</strong></span> <span class='ocrx_word' id='word_1_409' title='bbox 1161 3289 1239 3380; x_wconf 91' lang='lat' dir='ltr'><strong>ptis,</strong></span> <span class='ocrx_word' id='word_1_410' title='bbox 1287 3293 1418 3362; x_wconf 89' lang='lat' dir='ltr'><strong>sentiae</strong></span> <span class='ocrx_word' id='word_1_411' title='bbox 1432 3288 1527 3362; x_wconf 92' lang='lat' dir='ltr'><strong>hunc</strong></span> <span class='ocrx_word' id='word_1_412' title='bbox 1541 3291 1668 3374; x_wconf 90' lang='lat' dir='ltr'><strong>Deum,</strong></span> <span class='ocrx_word' id='word_1_413' title='bbox 1693 3294 1756 3386; x_wconf 91' lang='lat' dir='ltr'><strong>qui</strong></span> <span class='ocrx_word' id='word_1_414' title='bbox 1771 3307 1869 3385; x_wconf 88' lang='lat' dir='ltr'><strong>pater</strong></span> <span class='ocrx_word' id='word_1_415' title='bbox 1884 3307 1935 3364; x_wconf 90' lang='lat' dir='ltr'><strong>est</strong></span> <span class='ocrx_word' id='word_1_416' title='bbox 1946 3307 2110 3364; x_wconf 89' lang='lat' dir='ltr'><strong>aeternus</strong></span> <span class='ocrx_word' id='word_1_417' title='bbox 2123 3291 2276 3363; x_wconf 88' lang='lat' dir='ltr'><strong>Domini</strong></span> 
     </span>
     <span class='ocr_line' id='line_1_32' title="bbox 255 3390 2278 3498; baseline -0.016 0"><span class='ocrx_word' id='word_1_418' title='bbox 255 3439 290 3498; x_wconf 91' lang='lat' dir='ltr'><strong>et</strong></span> <span class='ocrx_word' id='word_1_419' title='bbox 310 3421 401 3494; x_wconf 87' lang='lat' dir='ltr'><strong>rexit</strong></span> <span class='ocrx_word' id='word_1_420' title='bbox 424 3411 571 3489; x_wconf 89' lang='lat' dir='ltr'><strong>consilia</strong></span> <span class='ocrx_word' id='word_1_421' title='bbox 591 3403 867 3497; x_wconf 80' lang='lat' dir='ltr'><strong>gubernationis·</strong></span> <span class='ocrx_word' id='word_1_422' title='bbox 918 3395 1101 3467; x_wconf 80' lang='lat' dir='ltr'><strong>Neminem</strong></span> <span class='ocrx_word' id='word_1_423' title='bbox 1127 3391 1239 3460; x_wconf 78' lang='lat' dir='ltr'><strong>sciens</strong></span> <span class='ocrx_word' id='word_1_424' title='bbox 1290 3395 1401 3464; x_wconf 91' lang='lat' dir='ltr'><strong>nostri</strong></span> <span class='ocrx_word' id='word_1_425' title='bbox 1417 3392 1495 3465; x_wconf 85' lang='lat' dir='ltr'><strong>lesu</strong></span> <span class='ocrx_word' id='word_1_426' title='bbox 1513 3390 1663 3475; x_wconf 89' lang='lat' dir='ltr'><strong>Christi,</strong></span> <span class='ocrx_word' id='word_1_427' title='bbox 1695 3408 1730 3464; x_wconf 89' lang='lat' dir='ltr'><strong>et</strong></span> <span class='ocrx_word' id='word_1_428' title='bbox 1751 3420 1831 3466; x_wconf 90' lang='lat' dir='ltr'><strong>cnm</strong></span> <span class='ocrx_word' id='word_1_429' title='bbox 1854 3395 1927 3464; x_wconf 89' lang='lat' dir='ltr'><strong>filio</strong></span> <span class='ocrx_word' id='word_1_430' title='bbox 1952 3409 1985 3464; x_wconf 89' lang='lat' dir='ltr'><strong>et</strong></span> <span class='ocrx_word' id='word_1_431' title='bbox 2008 3395 2135 3487; x_wconf 88' lang='lat' dir='ltr'><strong>spiritu</strong></span> <span class='ocrx_word' id='word_1_432' title='bbox 2153 3411 2278 3466; x_wconf 87' lang='lat' dir='ltr'><strong>sancto</strong></span> 
     </span>
     <span class='ocr_line' id='line_1_33' title="bbox 254 3493 2278 3620; baseline -0.017 -21"><span class='ocrx_word' id='word_1_433' title='bbox 254 3545 411 3620; x_wconf 91' lang='lat' dir='ltr'><strong>unquam</strong></span> <span class='ocrx_word' id='word_1_434' title='bbox 429 3515 548 3597; x_wconf 90' lang='lat' dir='ltr'><strong>laesit,</strong></span> <span class='ocrx_word' id='word_1_435' title='bbox 570 3507 743 3580; x_wconf 90' lang='lat' dir='ltr'><strong>benefecit</strong></span> <span class='ocrx_word' id='word_1_436' title='bbox 758 3500 922 3596; x_wconf 89' lang='lat' dir='ltr'><strong>privatim</strong></span> <span class='ocrx_word' id='word_1_437' title='bbox 940 3512 975 3570; x_wconf 90' lang='lat' dir='ltr'><strong>et</strong></span> <span class='ocrx_word' id='word_1_438' title='bbox 991 3495 1130 3590; x_wconf 91' lang='lat' dir='ltr'><strong>publice</strong></span> <span class='ocrx_word' id='word_1_439' title='bbox 1146 3493 1239 3561; x_wconf 82' lang='lat' dir='ltr'><strong>mul·</strong></span> <span class='ocrx_word' id='word_1_440' title='bbox 1289 3496 1408 3565; x_wconf 90' lang='lat' dir='ltr'><strong>omnia</strong></span> <span class='ocrx_word' id='word_1_441' title='bbox 1430 3497 1610 3580; x_wconf 91' lang='lat' dir='ltr'><strong>condidit,</strong></span> <span class='ocrx_word' id='word_1_442' title='bbox 1641 3509 1675 3566; x_wconf 90' lang='lat' dir='ltr'><strong>et</strong></span> <span class='ocrx_word' id='word_1_443' title='bbox 1691 3495 1959 3587; x_wconf 88' lang='lat' dir='ltr'><strong>promissionem</strong></span> <span class='ocrx_word' id='word_1_444' title='bbox 1976 3497 2278 3567; x_wconf 87' lang='lat' dir='ltr'><strong>reconciliationis</strong></span> 
     </span>
     <span class='ocr_line' id='line_1_34' title="bbox 254 3597 2279 3712; baseline -0.015 -15"><span class='ocrx_word' id='word_1_445' title='bbox 254 3631 318 3712; x_wconf 89' lang='lat' dir='ltr'><strong>tls,</strong></span> <span class='ocrx_word' id='word_1_446' title='bbox 352 3625 421 3694; x_wconf 87' lang='lat' dir='ltr'><strong>fuit</strong></span> <span class='ocrx_word' id='word_1_447' title='bbox 441 3638 563 3688; x_wconf 89' lang='lat' dir='ltr'><strong>suasor</strong></span> <span class='ocrx_word' id='word_1_448' title='bbox 585 3610 679 3704; x_wconf 91' lang='lat' dir='ltr'><strong>pacis</strong></span> <span class='ocrx_word' id='word_1_449' title='bbox 701 3608 795 3677; x_wconf 87' lang='lat' dir='ltr'><strong>inter</strong></span> <span class='ocrx_word' id='word_1_450' title='bbox 815 3601 1013 3692; x_wconf 88' lang='lat' dir='ltr'><strong>Principes,</strong></span> <span class='ocrx_word' id='word_1_451' title='bbox 1044 3597 1238 3666; x_wconf 87' lang='lat' dir='ltr'><strong>multorum</strong></span> <span class='ocrx_word' id='word_1_452' title='bbox 1288 3597 1450 3682; x_wconf 89' lang='lat' dir='ltr'><strong>tradidit,</strong></span> <span class='ocrx_word' id='word_1_453' title='bbox 1489 3621 1636 3690; x_wconf 89' lang='lat' dir='ltr'><strong>eamque</strong></span> <span class='ocrx_word' id='word_1_454' title='bbox 1663 3598 1833 3684; x_wconf 88' lang='lat' dir='ltr'><strong>sanguine</strong></span> <span class='ocrx_word' id='word_1_455' title='bbox 1860 3612 1896 3669; x_wconf 90' lang='lat' dir='ltr'><strong>et</strong></span> <span class='ocrx_word' id='word_1_456' title='bbox 1923 3597 2180 3668; x_wconf 91' lang='lat' dir='ltr'><strong>resurrectione</strong></span> <span class='ocrx_word' id='word_1_457' title='bbox 2211 3598 2279 3668; x_wconf 90' lang='lat' dir='ltr'><strong>filii</strong></span> 
     </span>
     <span class='ocr_line' id='line_1_35' title="bbox 257 3695 2280 3800; baseline -0.016 -1"><span class='ocrx_word' id='word_1_458' title='bbox 257 3726 400 3800; x_wconf 92' lang='lat' dir='ltr'><strong>diremit</strong></span> <span class='ocrx_word' id='word_1_459' title='bbox 414 3713 679 3796; x_wconf 91' lang='lat' dir='ltr'><strong>controversias,</strong></span> <span class='ocrx_word' id='word_1_460' title='bbox 704 3705 889 3778; x_wconf 92' lang='lat' dir='ltr'><strong>abhorruit</strong></span> <span class='ocrx_word' id='word_1_461' title='bbox 903 3705 948 3773; x_wconf 89' lang='lat' dir='ltr'><strong>ab</strong></span> <span class='ocrx_word' id='word_1_462' title='bbox 965 3700 1129 3771; x_wconf 90' lang='lat' dir='ltr'><strong>omnibus</strong></span> <span class='ocrx_word' id='word_1_463' title='bbox 1147 3695 1240 3765; x_wconf 89' lang='lat' dir='ltr'><strong>sedi·</strong></span> <span class='ocrx_word' id='word_1_464' title='bbox 1289 3699 1498 3789; x_wconf 90' lang='lat' dir='ltr'><strong>obsignavit,</strong></span> <span class='ocrx_word' id='word_1_465' title='bbox 1524 3698 1809 3792; x_wconf 89' lang='lat' dir='ltr'><strong>compellandum</strong></span> <span class='ocrx_word' id='word_1_466' title='bbox 1825 3721 1909 3782; x_wconf 89' lang='lat' dir='ltr'><strong>esse,</strong></span> <span class='ocrx_word' id='word_1_467' title='bbox 1934 3700 2024 3770; x_wconf 91' lang='lat' dir='ltr'><strong>sicut</strong></span> <span class='ocrx_word' id='word_1_468' title='bbox 2039 3699 2158 3792; x_wconf 92' lang='lat' dir='ltr'><strong>iuquit</strong></span> <span class='ocrx_word' id='word_1_469' title='bbox 2169 3695 2280 3770; x_wconf 88' lang='lat' dir='ltr'><strong>Chri-</strong></span> 
     </span>
     <span class='ocr_line' id='line_1_36' title="bbox 255 3797 2280 3908; baseline -0.015 -6"><span class='ocrx_word' id='word_1_470' title='bbox 255 3828 372 3908; x_wconf 89' lang='lat' dir='ltr'><strong>tlosis,</strong></span> <span class='ocrx_word' id='word_1_471' title='bbox 398 3815 633 3898; x_wconf 89' lang='lat' dir='ltr'><strong>turbulentis,</strong></span> <span class='ocrx_word' id='word_1_472' title='bbox 657 3807 872 3882; x_wconf 79' lang='lat' dir='ltr'><strong>Alcibiadeis</strong></span> <span class='ocrx_word' id='word_1_473' title='bbox 894 3803 1070 3882; x_wconf 89' lang='lat' dir='ltr'><strong>consiliis,</strong></span> <span class='ocrx_word' id='word_1_474' title='bbox 1097 3801 1141 3870; x_wconf 91' lang='lat' dir='ltr'><strong>ab</strong></span> <span class='ocrx_word' id='word_1_475' title='bbox 1164 3821 1239 3866; x_wconf 88' lang='lat' dir='ltr'><strong>am·</strong></span> <span class='ocrx_word' id='word_1_476' title='bbox 1289 3816 1378 3870; x_wconf 89' lang='lat' dir='ltr'><strong>stus:</strong></span> <span class='ocrx_word' id='word_1_477' title='bbox 1405 3801 1466 3894; x_wconf 90' lang='lat' dir='ltr'><strong>qui</strong></span> <span class='ocrx_word' id='word_1_478' title='bbox 1490 3823 1545 3868; x_wconf 89' lang='lat' dir='ltr'><strong>me</strong></span> <span class='ocrx_word' id='word_1_479' title='bbox 1568 3800 1681 3884; x_wconf 91' lang='lat' dir='ltr'><strong>videt,</strong></span> <span class='ocrx_word' id='word_1_480' title='bbox 1706 3799 1804 3870; x_wconf 89' lang='lat' dir='ltr'><strong>videt</strong></span> <span class='ocrx_word' id='word_1_481' title='bbox 1823 3813 1971 3891; x_wconf 88' lang='lat' dir='ltr'><strong>patrem.</strong></span> <span class='ocrx_word' id='word_1_482' title='bbox 2022 3797 2076 3870; x_wconf 91' lang='lat' dir='ltr'><strong>De</strong></span> <span class='ocrx_word' id='word_1_483' title='bbox 2092 3801 2280 3872; x_wconf 85' lang='lat' dir='ltr'><strong>voluntate</strong></span> 
     </span>
     <span class='ocr_line' id='line_1_37' title="bbox 254 3899 2282 4004; baseline -0.014 -1"><span class='ocrx_word' id='word_1_484' title='bbox 254 3931 392 4004; x_wconf 91' lang='lat' dir='ltr'><strong>bitione</strong></span> <span class='ocrx_word' id='word_1_485' title='bbox 409 3917 642 3994; x_wconf 88' lang='lat' dir='ltr'><strong>alienissimus</strong></span> <span class='ocrx_word' id='word_1_486' title='bbox 656 3912 734 3983; x_wconf 86' lang='lat' dir='ltr'><strong>fuit.</strong></span> <span class='ocrx_word' id='word_1_487' title='bbox 773 3909 964 4000; x_wconf 90' lang='lat' dir='ltr'><strong>Nunquam</strong></span> <span class='ocrx_word' id='word_1_488' title='bbox 981 3905 1031 3973; x_wconf 87' lang='lat' dir='ltr'><strong>ira</strong></span> <span class='ocrx_word' id='word_1_489' title='bbox 1045 3903 1101 3970; x_wconf 85' lang='lat' dir='ltr'><strong>vel</strong></span> <span class='ocrx_word' id='word_1_490' title='bbox 1117 3899 1238 3970; x_wconf 86' lang='lat' dir='ltr'><strong>odium</strong></span> <span class='ocrx_word' id='word_1_491' title='bbox 1291 3903 1393 3970; x_wconf 90' lang='lat' dir='ltr'><strong>etiam</strong></span> <span class='ocrx_word' id='word_1_492' title='bbox 1419 3901 1564 3988; x_wconf 88' lang='lat' dir='ltr'><strong>cogitari</strong></span> <span class='ocrx_word' id='word_1_493' title='bbox 1585 3913 1747 3992; x_wconf 90' lang='lat' dir='ltr'><strong>oportere</strong></span> <span class='ocrx_word' id='word_1_494' title='bbox 1766 3899 1999 3972; x_wconf 87' lang='lat' dir='ltr'><strong>Mediatorem</strong></span> <span class='ocrx_word' id='word_1_495' title='bbox 2018 3915 2052 3971; x_wconf 90' lang='lat' dir='ltr'><strong>et</strong></span> <span class='ocrx_word' id='word_1_496' title='bbox 2068 3903 2282 3994; x_wconf 64' lang='lat' dir='ltr'><strong>promissio,</strong></span> 
     </span>
     <span class='ocr_line' id='line_1_38' title="bbox 254 3999 2281 4108; baseline -0.015 -6"><span class='ocrx_word' id='word_1_497' title='bbox 254 4035 312 4105; x_wconf 92' lang='lat' dir='ltr'><strong>vel</strong></span> <span class='ocrx_word' id='word_1_498' title='bbox 341 4025 520 4099; x_wconf 75' lang='lat' dir='ltr'><strong>vindictae</strong></span> <span class='ocrx_word' id='word_1_499' title='bbox 548 4015 721 4108; x_wconf 67' lang='lat' dir='ltr'><strong>cupidiiat</strong></span> <span class='ocrx_word' id='word_1_500' title='bbox 751 4036 830 4080; x_wconf 70' lang='lat' dir='ltr'><strong>eum</strong></span> <span class='ocrx_word' id='word_1_501' title='bbox 863 4006 1023 4098; x_wconf 60' lang='lat' dir='ltr'><strong>impulit,</strong></span> <span class='ocrx_word' id='word_1_502' title='bbox 1056 4013 1240 4078; x_wconf 81' lang='lat' dir='ltr'><strong>utcontra</strong></span> <span class='ocrx_word' id='word_1_503' title='bbox 1290 4027 1364 4076; x_wconf 89' lang='lat' dir='ltr'><strong>nes.</strong></span> <span class='ocrx_word' id='word_1_504' title='bbox 1413 3999 1508 4073; x_wconf 91' lang='lat' dir='ltr'><strong>Huic</strong></span> <span class='ocrx_word' id='word_1_505' title='bbox 1526 4027 1626 4071; x_wconf 89' lang='lat' dir='ltr'><strong>verae</strong></span> <span class='ocrx_word' id='word_1_506' title='bbox 1645 4003 1863 4072; x_wconf 90' lang='lat' dir='ltr'><strong>invocationi</strong></span> <span class='ocrx_word' id='word_1_507' title='bbox 1879 4003 2116 4072; x_wconf 88' lang='lat' dir='ltr'><strong>dissimillima</strong></span> <span class='ocrx_word' id='word_1_508' title='bbox 2130 4017 2181 4074; x_wconf 85' lang='lat' dir='ltr'><strong>est</strong></span> <span class='ocrx_word' id='word_1_509' title='bbox 2197 4000 2281 4074; x_wconf 89' lang='lat' dir='ltr'><strong>eth-</strong></span> 
     </span>
     <span class='ocr_line' id='line_1_39' title="bbox 256 4099 2280 4206; baseline -0.016 1"><span class='ocrx_word' id='word_1_510' title='bbox 256 4133 431 4206; x_wconf 90' lang='lat' dir='ltr'><strong>iusticiam</strong></span> <span class='ocrx_word' id='word_1_511' title='bbox 457 4127 586 4196; x_wconf 87' lang='lat' dir='ltr'><strong>faceret</strong></span> <span class='ocrx_word' id='word_1_512' title='bbox 612 4129 674 4187; x_wconf 94' lang='lat' dir='ltr'><strong>aut</strong></span> <span class='ocrx_word' id='word_1_513' title='bbox 699 4111 991 4204; x_wconf 85' lang='lat' dir='ltr'><strong>tranquillitatem</strong></span> <span class='ocrx_word' id='word_1_514' title='bbox 1017 4123 1240 4176; x_wconf 90' lang='lat' dir='ltr'><strong>communem</strong></span> <span class='ocrx_word' id='word_1_515' title='bbox 1291 4107 1369 4175; x_wconf 92' lang='lat' dir='ltr'><strong>nica</strong></span> <span class='ocrx_word' id='word_1_516' title='bbox 1399 4128 1460 4174; x_wconf 87' lang='lat' dir='ltr'><strong>seu</strong></span> <span class='ocrx_word' id='word_1_517' title='bbox 1481 4103 1649 4186; x_wconf 89' lang='lat' dir='ltr'><strong>Turcica,</strong></span> <span class='ocrx_word' id='word_1_518' title='bbox 1684 4127 1772 4198; x_wconf 90' lang='lat' dir='ltr'><strong>quae</strong></span> <span class='ocrx_word' id='word_1_519' title='bbox 1804 4118 1908 4194; x_wconf 88' lang='lat' dir='ltr'><strong>negat</strong></span> <span class='ocrx_word' id='word_1_520' title='bbox 1934 4099 2031 4174; x_wconf 93' lang='lat' dir='ltr'><strong>hunc</strong></span> <span class='ocrx_word' id='word_1_521' title='bbox 2052 4129 2135 4174; x_wconf 88' lang='lat' dir='ltr'><strong>vere</strong></span> <span class='ocrx_word' id='word_1_522' title='bbox 2159 4101 2280 4176; x_wconf 90' lang='lat' dir='ltr'><strong>Deum</strong></span> 
     </span>
     <span class='ocr_line' id='line_1_40' title="bbox 257 4201 2282 4309; baseline -0.015 0"><span class='ocrx_word' id='word_1_523' title='bbox 257 4237 426 4309; x_wconf 91' lang='lat' dir='ltr'><strong>turbaret.</strong></span> <span class='ocrx_word' id='word_1_524' title='bbox 478 4221 632 4296; x_wconf 86' lang='lat' dir='ltr'><strong>Iniurias</strong></span> <span class='ocrx_word' id='word_1_525' title='bbox 655 4215 785 4286; x_wconf 90' lang='lat' dir='ltr'><strong>multas</strong></span> <span class='ocrx_word' id='word_1_526' title='bbox 807 4225 841 4282; x_wconf 89' lang='lat' dir='ltr'><strong>et</strong></span> <span class='ocrx_word' id='word_1_527' title='bbox 857 4231 999 4297; x_wconf 88' lang='lat' dir='ltr'><strong>magnas</strong></span> <span class='ocrx_word' id='word_1_528' title='bbox 1015 4205 1147 4276; x_wconf 85' lang='lat' dir='ltr'><strong>excelso</strong></span> <span class='ocrx_word' id='word_1_529' title='bbox 1163 4203 1241 4272; x_wconf 84' lang='lat' dir='ltr'><strong>oni·</strong></span> <span class='ocrx_word' id='word_1_530' title='bbox 1291 4207 1510 4276; x_wconf 89' lang='lat' dir='ltr'><strong>conditorem</strong></span> <span class='ocrx_word' id='word_1_531' title='bbox 1534 4230 1651 4274; x_wconf 88' lang='lat' dir='ltr'><strong>rerum</strong></span> <span class='ocrx_word' id='word_1_532' title='bbox 1669 4229 1761 4288; x_wconf 87' lang='lat' dir='ltr'><strong>esse,</strong></span> <span class='ocrx_word' id='word_1_533' title='bbox 1788 4205 1851 4298; x_wconf 91' lang='lat' dir='ltr'><strong>qui</strong></span> <span class='ocrx_word' id='word_1_534' title='bbox 1867 4219 1918 4276; x_wconf 89' lang='lat' dir='ltr'><strong>est</strong></span> <span class='ocrx_word' id='word_1_535' title='bbox 1931 4217 2031 4296; x_wconf 90' lang='lat' dir='ltr'><strong>pater</strong></span> <span class='ocrx_word' id='word_1_536' title='bbox 2044 4201 2192 4276; x_wconf 86' lang='lat' dir='ltr'><strong>Domini</strong></span> <span class='ocrx_word' id='word_1_537' title='bbox 2210 4231 2282 4278; x_wconf 87' lang='lat' dir='ltr'><strong>no·</strong></span> 
     </span>
     <span class='ocr_line' id='line_1_41' title="bbox 257 4301 2281 4412; baseline -0.014 -5"><span class='ocrx_word' id='word_1_538' title='bbox 257 4363 317 4408; x_wconf 92' lang='lat' dir='ltr'><strong>mo</strong></span> <span class='ocrx_word' id='word_1_539' title='bbox 349 4326 563 4402; x_wconf 88' lang='lat' dir='ltr'><strong>condonavit</strong></span> <span class='ocrx_word' id='word_1_540' title='bbox 596 4313 847 4412; x_wconf 91' lang='lat' dir='ltr'><strong>tranquillitati</strong></span> <span class='ocrx_word' id='word_1_541' title='bbox 885 4309 1065 4404; x_wconf 91' lang='lat' dir='ltr'><strong>publicae,</strong></span> <span class='ocrx_word' id='word_1_542' title='bbox 1102 4304 1242 4374; x_wconf 88' lang='lat' dir='ltr'><strong>dolores</strong></span> <span class='ocrx_word' id='word_1_543' title='bbox 1292 4309 1353 4376; x_wconf 90' lang='lat' dir='ltr'><strong>stri</strong></span> <span class='ocrx_word' id='word_1_544' title='bbox 1381 4304 1457 4376; x_wconf 88' lang='lat' dir='ltr'><strong>lesu</strong></span> <span class='ocrx_word' id='word_1_545' title='bbox 1479 4301 1631 4390; x_wconf 88' lang='lat' dir='ltr'><strong>Christi,</strong></span> <span class='ocrx_word' id='word_1_546' title='bbox 1664 4327 1698 4376; x_wconf 90' lang='lat' dir='ltr'><strong>et</strong></span> <span class='ocrx_word' id='word_1_547' title='bbox 1718 4307 1858 4396; x_wconf 89' lang='lat' dir='ltr'><strong>ignorat</strong></span> <span class='ocrx_word' id='word_1_548' title='bbox 1876 4303 2110 4376; x_wconf 84' lang='lat' dir='ltr'><strong>Mediatorem</strong></span> <span class='ocrx_word' id='word_1_549' title='bbox 2134 4321 2169 4376; x_wconf 91' lang='lat' dir='ltr'><strong>et</strong></span> <span class='ocrx_word' id='word_1_550' title='bbox 2191 4333 2281 4399; x_wconf 90' lang='lat' dir='ltr'><strong>pro-</strong></span> 
     </span>
     <span class='ocr_line' id='line_1_42' title="bbox 257 4405 2282 4510; baseline -0.015 0"><span class='ocrx_word' id='word_1_551' title='bbox 257 4439 365 4510; x_wconf 91' lang='lat' dir='ltr'><strong>etiam</strong></span> <span class='ocrx_word' id='word_1_552' title='bbox 380 4432 469 4504; x_wconf 90' lang='lat' dir='ltr'><strong>alios</strong></span> <span class='ocrx_word' id='word_1_553' title='bbox 485 4451 524 4497; x_wconf 91' lang='lat' dir='ltr'><strong>ea</strong></span> <span class='ocrx_word' id='word_1_554' title='bbox 540 4424 651 4495; x_wconf 90' lang='lat' dir='ltr'><strong>animi</strong></span> <span class='ocrx_word' id='word_1_555' title='bbox 665 4417 905 4490; x_wconf 88' lang='lat' dir='ltr'><strong>moderatione</strong></span> <span class='ocrx_word' id='word_1_556' title='bbox 920 4411 1013 4495; x_wconf 92' lang='lat' dir='ltr'><strong>tulit,</strong></span> <span class='ocrx_word' id='word_1_557' title='bbox 1034 4407 1168 4478; x_wconf 87' lang='lat' dir='ltr'><strong>utsatis</strong></span> <span class='ocrx_word' id='word_1_558' title='bbox 1184 4405 1239 4473; x_wconf 85' lang='lat' dir='ltr'><strong>in-&#39;</strong></span> <span class='ocrx_word' id='word_1_559' title='bbox 1293 4408 1494 4488; x_wconf 88' lang='lat' dir='ltr'><strong>missiones,</strong></span> <span class='ocrx_word' id='word_1_560' title='bbox 1534 4411 1594 4476; x_wconf 89' lang='lat' dir='ltr'><strong>sed</strong></span> <span class='ocrx_word' id='word_1_561' title='bbox 1623 4409 1775 4488; x_wconf 92' lang='lat' dir='ltr'><strong>dubitat,</strong></span> <span class='ocrx_word' id='word_1_562' title='bbox 1815 4431 1861 4476; x_wconf 91' lang='lat' dir='ltr'><strong>au</strong></span> <span class='ocrx_word' id='word_1_563' title='bbox 1884 4421 1918 4478; x_wconf 91' lang='lat' dir='ltr'><strong>et</strong></span> <span class='ocrx_word' id='word_1_564' title='bbox 1938 4432 2001 4478; x_wconf 91' lang='lat' dir='ltr'><strong>cur</strong></span> <span class='ocrx_word' id='word_1_565' title='bbox 2024 4432 2090 4478; x_wconf 93' lang='lat' dir='ltr'><strong>nos</strong></span> <span class='ocrx_word' id='word_1_566' title='bbox 2111 4408 2282 4500; x_wconf 91' lang='lat' dir='ltr'><strong>indignos</strong></span> 
     </span>
     <span class='ocr_line' id='line_1_43' title="bbox 258 4505 2282 4627; baseline -0.014 -17"><span class='ocrx_word' id='word_1_567' title='bbox 258 4537 371 4627; x_wconf 88' lang='lat' dir='ltr'><strong>telligi</strong></span> <span class='ocrx_word' id='word_1_568' title='bbox 389 4543 523 4626; x_wconf 90' lang='lat' dir='ltr'><strong>posset,</strong></span> <span class='ocrx_word' id='word_1_569' title='bbox 555 4549 636 4594; x_wconf 89' lang='lat' dir='ltr'><strong>eum</strong></span> <span class='ocrx_word' id='word_1_570' title='bbox 663 4518 848 4591; x_wconf 88' lang='lat' dir='ltr'><strong>sustentari</strong></span> <span class='ocrx_word' id='word_1_571' title='bbox 874 4511 1098 4584; x_wconf 88' lang='lat' dir='ltr'><strong>invocatione</strong></span> <span class='ocrx_word' id='word_1_572' title='bbox 1118 4505 1185 4578; x_wconf 92' lang='lat' dir='ltr'><strong>Dei</strong></span> <span class='ocrx_word' id='word_1_573' title='bbox 1210 4520 1243 4576; x_wconf 93' lang='lat' dir='ltr'><strong>et</strong></span> <span class='ocrx_word' id='word_1_574' title='bbox 1292 4508 1387 4580; x_wconf 91' lang='lat' dir='ltr'><strong>Deus</strong></span> <span class='ocrx_word' id='word_1_575' title='bbox 1409 4509 1581 4581; x_wconf 81' lang='lat' dir='ltr'><strong>exaudiat.</strong></span> <span class='ocrx_word' id='word_1_576' title='bbox 1632 4507 1791 4579; x_wconf 88' lang='lat' dir='ltr'><strong>Tarabot</strong></span> <span class='ocrx_word' id='word_1_577' title='bbox 1811 4523 1844 4578; x_wconf 89' lang='lat' dir='ltr'><strong>et</strong></span> <span class='ocrx_word' id='word_1_578' title='bbox 1865 4509 2061 4578; x_wconf 89' lang='lat' dir='ltr'><strong>doctrinam</strong></span> <span class='ocrx_word' id='word_1_579' title='bbox 2075 4507 2282 4582; x_wconf 88' lang='lat' dir='ltr'><strong>Monachu-</strong></span> 
     </span>
     <span class='ocr_line' id='line_1_44' title="bbox 259 4608 2280 4733; baseline -0.016 -23"><span class='ocrx_word' id='word_1_580' title='bbox 259 4638 476 4733; x_wconf 86' lang='lat' dir='ltr'><strong>acquiescere</strong></span> <span class='ocrx_word' id='word_1_581' title='bbox 490 4632 529 4700; x_wconf 90' lang='lat' dir='ltr'><strong>iu</strong></span> <span class='ocrx_word' id='word_1_582' title='bbox 544 4625 633 4698; x_wconf 91' lang='lat' dir='ltr'><strong>Deo.</strong></span> <span class='ocrx_word' id='word_1_583' title='bbox 683 4621 812 4700; x_wconf 88' lang='lat' dir='ltr'><strong>Norat,</strong></span> <span class='ocrx_word' id='word_1_584' title='bbox 835 4631 874 4688; x_wconf 94' lang='lat' dir='ltr'><strong>ut</strong></span> <span class='ocrx_word' id='word_1_585' title='bbox 888 4617 1089 4703; x_wconf 80' lang='lat' dir='ltr'><strong>virdoctus,</strong></span> <span class='ocrx_word' id='word_1_586' title='bbox 1117 4608 1256 4714; x_wconf 49' lang='lat' dir='ltr'><strong>discrij</strong></span> <span class='ocrx_word' id='word_1_587' title='bbox 1293 4637 1389 4697; x_wconf 93' lang='lat' dir='ltr'><strong>rum,</strong></span> <span class='ocrx_word' id='word_1_588' title='bbox 1421 4635 1510 4704; x_wconf 89' lang='lat' dir='ltr'><strong>quae</strong></span> <span class='ocrx_word' id='word_1_589' title='bbox 1535 4611 1631 4680; x_wconf 91' lang='lat' dir='ltr'><strong>iubet</strong></span> <span class='ocrx_word' id='word_1_590' title='bbox 1651 4611 1787 4680; x_wconf 87' lang='lat' dir='ltr'><strong>adferre</strong></span> <span class='ocrx_word' id='word_1_591' title='bbox 1810 4609 2068 4684; x_wconf 89' lang='lat' dir='ltr'><strong>dubitationem</strong></span> <span class='ocrx_word' id='word_1_592' title='bbox 2086 4613 2131 4678; x_wconf 89' lang='lat' dir='ltr'><strong>ad</strong></span> <span class='ocrx_word' id='word_1_593' title='bbox 2148 4609 2280 4698; x_wconf 88' lang='lat' dir='ltr'><strong>Deum,</strong></span> 
     </span>
     <span class='ocr_line' id='line_1_45' title="bbox 260 4706 2283 4814; baseline -0.013 -2"><span class='ocrx_word' id='word_1_594' title='bbox 260 4743 356 4814; x_wconf 87' lang='lat' dir='ltr'><strong>mina</strong></span> <span class='ocrx_word' id='word_1_595' title='bbox 372 4731 653 4808; x_wconf 88' lang='lat' dir='ltr'><strong>consolationum</strong></span> <span class='ocrx_word' id='word_1_596' title='bbox 666 4717 901 4792; x_wconf 89' lang='lat' dir='ltr'><strong>humanarum</strong></span> <span class='ocrx_word' id='word_1_597' title='bbox 920 4731 954 4786; x_wconf 90' lang='lat' dir='ltr'><strong>et</strong></span> <span class='ocrx_word' id='word_1_598' title='bbox 968 4715 1183 4796; x_wconf 85' lang='lat' dir='ltr'><strong>divinarum,</strong></span> <span class='ocrx_word' id='word_1_599' title='bbox 1209 4723 1242 4778; x_wconf 87' lang='lat' dir='ltr'><strong>et</strong></span> <span class='ocrx_word' id='word_1_600' title='bbox 1292 4715 1382 4784; x_wconf 91' lang='lat' dir='ltr'><strong>sicut</strong></span> <span class='ocrx_word' id='word_1_601' title='bbox 1405 4715 1569 4782; x_wconf 87' lang='lat' dir='ltr'><strong>adferunt</strong></span> <span class='ocrx_word' id='word_1_602' title='bbox 1591 4706 1740 4796; x_wconf 87' lang='lat' dir='ltr'><strong>etimici;</strong></span> <span class='ocrx_word' id='word_1_603' title='bbox 1785 4711 1924 4782; x_wconf 85' lang='lat' dir='ltr'><strong>iubebat</strong></span> <span class='ocrx_word' id='word_1_604' title='bbox 1948 4733 2049 4801; x_wconf 87' lang='lat' dir='ltr'><strong>saepe</strong></span> <span class='ocrx_word' id='word_1_605' title='bbox 2074 4712 2222 4784; x_wconf 90' lang='lat' dir='ltr'><strong>recitare</strong></span> <span class='ocrx_word' id='word_1_606' title='bbox 2246 4731 2283 4786; x_wconf 86' lang='lat' dir='ltr'><strong>et</strong></span> 
     </span>
     <span class='ocr_line' id='line_1_46' title="bbox 260 4812 2283 4935; baseline -0.015 -20"><span class='ocrx_word' id='word_1_607' title='bbox 260 4865 362 4935; x_wconf 88' lang='lat' dir='ltr'><strong>saepe</strong></span> <span class='ocrx_word' id='word_1_608' title='bbox 385 4834 471 4908; x_wconf 89' lang='lat' dir='ltr'><strong>haec</strong></span> <span class='ocrx_word' id='word_1_609' title='bbox 493 4834 586 4902; x_wconf 92' lang='lat' dir='ltr'><strong>dieta</strong></span> <span class='ocrx_word' id='word_1_610' title='bbox 607 4823 801 4917; x_wconf 89' lang='lat' dir='ltr'><strong>repetebat:</strong></span> <span class='ocrx_word' id='word_1_611' title='bbox 838 4820 999 4890; x_wconf 91' lang='lat' dir='ltr'><strong>subditus</strong></span> <span class='ocrx_word' id='word_1_612' title='bbox 1021 4813 1186 4884; x_wconf 80' lang='lat' dir='ltr'><strong>estoDeo</strong></span> <span class='ocrx_word' id='word_1_613' title='bbox 1209 4825 1242 4878; x_wconf 89' lang='lat' dir='ltr'><strong>et</strong></span> <span class='ocrx_word' id='word_1_614' title='bbox 1291 4837 1428 4904; x_wconf 89' lang='lat' dir='ltr'><strong>semper</strong></span> <span class='ocrx_word' id='word_1_615' title='bbox 1443 4814 1481 4880; x_wconf 92' lang='lat' dir='ltr'><strong>in</strong></span> <span class='ocrx_word' id='word_1_616' title='bbox 1495 4813 1718 4882; x_wconf 88' lang='lat' dir='ltr'><strong>invocatione</strong></span> <span class='ocrx_word' id='word_1_617' title='bbox 1732 4812 1883 4902; x_wconf 88' lang='lat' dir='ltr'><strong>cogitare</strong></span> <span class='ocrx_word' id='word_1_618' title='bbox 1899 4812 2170 4904; x_wconf 88' lang='lat' dir='ltr'><strong>promissiones,</strong></span> <span class='ocrx_word' id='word_1_619' title='bbox 2195 4818 2283 4908; x_wconf 84' lang='lat' dir='ltr'><strong>quia</strong></span> 
     </span>
     <span class='ocr_line' id='line_1_47' title="bbox 260 4913 2283 5024; baseline -0.016 -6"><span class='ocrx_word' id='word_1_620' title='bbox 260 4963 437 5019; x_wconf 80' lang='lat' dir='ltr'><strong>orarum.</strong></span> <span class='ocrx_word' id='word_1_621' title='bbox 488 4933 604 5024; x_wconf 90' lang='lat' dir='ltr'><strong>Prope</strong></span> <span class='ocrx_word' id='word_1_622' title='bbox 625 4923 866 4998; x_wconf 89' lang='lat' dir='ltr'><strong>estDominus</strong></span> <span class='ocrx_word' id='word_1_623' title='bbox 884 4915 958 4998; x_wconf 88' lang='lat' dir='ltr'><strong>his,</strong></span> <span class='ocrx_word' id='word_1_624' title='bbox 991 4917 1051 5010; x_wconf 90' lang='lat' dir='ltr'><strong>qui</strong></span> <span class='ocrx_word' id='word_1_625' title='bbox 1074 4913 1241 4986; x_wconf 89' lang='lat' dir='ltr'><strong>tribulato</strong></span> <span class='ocrx_word' id='word_1_626' title='bbox 1293 4939 1411 4988; x_wconf 87' lang='lat' dir='ltr'><strong>earum</strong></span> <span class='ocrx_word' id='word_1_627' title='bbox 1428 4914 1637 5003; x_wconf 87' lang='lat' dir='ltr'><strong>cogitatione</strong></span> <span class='ocrx_word' id='word_1_628' title='bbox 1653 4913 1738 4985; x_wconf 82' lang='lat' dir='ltr'><strong>fides</strong></span> <span class='ocrx_word' id='word_1_629' title='bbox 1755 4915 1976 4986; x_wconf 84' lang='lat' dir='ltr'><strong>accendenda</strong></span> <span class='ocrx_word' id='word_1_630' title='bbox 1989 4915 2053 5003; x_wconf 88' lang='lat' dir='ltr'><strong>sit,</strong></span> <span class='ocrx_word' id='word_1_631' title='bbox 2080 4927 2114 4984; x_wconf 89' lang='lat' dir='ltr'><strong>et</strong></span> <span class='ocrx_word' id='word_1_632' title='bbox 2128 4915 2283 4986; x_wconf 87' lang='lat' dir='ltr'><strong>damna—</strong></span> 
     </span>
     <span class='ocr_line' id='line_1_48' title="bbox 262 5008 2283 5124; baseline -0.017 -6"><span class='ocrx_word' id='word_1_633' title='bbox 262 5059 345 5119; x_wconf 90' lang='lat' dir='ltr'><strong>suut</strong></span> <span class='ocrx_word' id='word_1_634' title='bbox 363 5041 486 5124; x_wconf 91' lang='lat' dir='ltr'><strong>corde,</strong></span> <span class='ocrx_word' id='word_1_635' title='bbox 518 5049 553 5105; x_wconf 91' lang='lat' dir='ltr'><strong>et</strong></span> <span class='ocrx_word' id='word_1_636' title='bbox 575 5027 727 5102; x_wconf 90' lang='lat' dir='ltr'><strong>humiles</strong></span> <span class='ocrx_word' id='word_1_637' title='bbox 749 5023 877 5114; x_wconf 89' lang='lat' dir='ltr'><strong>spiritu</strong></span> <span class='ocrx_word' id='word_1_638' title='bbox 898 5018 1057 5090; x_wconf 89' lang='lat' dir='ltr'><strong>salvabit.</strong></span> <span class='ocrx_word' id='word_1_639' title='bbox 1107 5012 1243 5096; x_wconf 88' lang='lat' dir='ltr'><strong>Studia,</strong></span> <span class='ocrx_word' id='word_1_640' title='bbox 1292 5017 1353 5088; x_wconf 87' lang='lat' dir='ltr'><strong>bat</strong></span> <span class='ocrx_word' id='word_1_641' title='bbox 1367 5010 1677 5089; x_wconf 80' lang='lat' dir='ltr'><strong>Enthusiastarum</strong></span> <span class='ocrx_word' id='word_1_642' title='bbox 1703 5015 1859 5100; x_wconf 88' lang='lat' dir='ltr'><strong>furores,</strong></span> <span class='ocrx_word' id='word_1_643' title='bbox 1889 5015 1952 5109; x_wconf 90' lang='lat' dir='ltr'><strong>qni</strong></span> <span class='ocrx_word' id='word_1_644' title='bbox 1967 5008 2283 5088; x_wconf 83' lang='lat' dir='ltr'><strong>abducunthomi·</strong></span> 
     </span>
     <span class='ocr_line' id='line_1_49' title="bbox 260 5115 2283 5228; baseline -0.02 -9"><span class='ocrx_word' id='word_1_645' title='bbox 260 5149 420 5228; x_wconf 87' lang='lat' dir='ltr'><strong>dolores,</strong></span> <span class='ocrx_word' id='word_1_646' title='bbox 449 5134 633 5210; x_wconf 89' lang='lat' dir='ltr'><strong>assiduitas</strong></span> <span class='ocrx_word' id='word_1_647' title='bbox 650 5131 688 5204; x_wconf 89' lang='lat' dir='ltr'><strong>iu</strong></span> <span class='ocrx_word' id='word_1_648' title='bbox 705 5123 976 5216; x_wconf 89' lang='lat' dir='ltr'><strong>gubernatione,</strong></span> <span class='ocrx_word' id='word_1_649' title='bbox 1009 5117 1163 5210; x_wconf 88' lang='lat' dir='ltr'><strong>precatio</strong></span> <span class='ocrx_word' id='word_1_650' title='bbox 1178 5115 1242 5186; x_wconf 87' lang='lat' dir='ltr'><strong>ab·</strong></span> <span class='ocrx_word' id='word_1_651' title='bbox 1291 5141 1354 5189; x_wconf 86' lang='lat' dir='ltr'><strong>nes</strong></span> <span class='ocrx_word' id='word_1_652' title='bbox 1374 5141 1395 5188; x_wconf 90' lang='lat' dir='ltr'><strong>a</strong></span> <span class='ocrx_word' id='word_1_653' title='bbox 1417 5117 1628 5208; x_wconf 84' lang='lat' dir='ltr'><strong>cogitatione</strong></span> <span class='ocrx_word' id='word_1_654' title='bbox 1650 5115 1798 5206; x_wconf 89' lang='lat' dir='ltr'><strong>scriptae</strong></span> <span class='ocrx_word' id='word_1_655' title='bbox 1818 5117 2073 5212; x_wconf 82' lang='lat' dir='ltr'><strong>promissionis.</strong></span> <span class='ocrx_word' id='word_1_656' title='bbox 2130 5115 2283 5192; x_wconf 65' lang='lat' dir='ltr'><strong>Dicebar</strong></span> 
     </span>
    </p>
   </div>
   <div class='ocr_carea' id='block_1_11' title="bbox 256 5217 1786 5442">
    <p class='ocr_par' dir='ltr' id='par_1_11' title="bbox 256 5217 1786 5442">
     <span class='ocr_line' id='line_1_50' title="bbox 258 5217 1513 5320; baseline -0.037 2"><span class='ocrx_word' id='word_1_657' title='bbox 258 5247 435 5320; x_wconf 91' lang='lat' dir='ltr'><strong>ducebant</strong></span> <span class='ocrx_word' id='word_1_658' title='bbox 455 5263 534 5312; x_wconf 90' lang='lat' dir='ltr'><strong>eum</strong></span> <span class='ocrx_word' id='word_1_659' title='bbox 560 5237 605 5306; x_wconf 89' lang='lat' dir='ltr'><strong>ab</strong></span> <span class='ocrx_word' id='word_1_660' title='bbox 627 5230 791 5303; x_wconf 90' lang='lat' dir='ltr'><strong>omnibus</strong></span> <span class='ocrx_word' id='word_1_661' title='bbox 814 5222 1052 5316; x_wconf 88' lang='lat' dir='ltr'><strong>voluptatibus</strong></span> <span class='ocrx_word' id='word_1_662' title='bbox 1073 5217 1241 5310; x_wconf 88' lang='lat' dir='ltr'><strong>corporis.</strong></span> <span class='ocrx_word' id='word_1_663' title='bbox 1295 5273 1513 5291; x_wconf 52' lang='lat' dir='ltr'><strong>m</strong></span> 
     </span>
     <span class='ocr_line' id='line_1_51' title="bbox 256 5319 1786 5442; baseline -0.037 -18"><span class='ocrx_word' id='word_1_664' title='bbox 256 5350 309 5423; x_wconf 79' lang='lat' dir='ltr'><strong>Ac</strong></span> <span class='ocrx_word' id='word_1_665' title='bbox 333 5361 413 5442; x_wconf 91' lang='lat' dir='ltr'><strong>post</strong></span> <span class='ocrx_word' id='word_1_666' title='bbox 434 5337 709 5416; x_wconf 84' lang='lat' dir='ltr'><strong>consolationes,</strong></span> <span class='ocrx_word' id='word_1_667' title='bbox 750 5349 836 5423; x_wconf 87' lang='lat' dir='ltr'><strong>quas</strong></span> <span class='ocrx_word' id='word_1_668' title='bbox 857 5327 888 5396; x_wconf 93' lang='lat' dir='ltr'><strong>ei</strong></span> <span class='ocrx_word' id='word_1_669' title='bbox 913 5323 1075 5413; x_wconf 83' lang='lat' dir='ltr'><strong>cogitatio</strong></span> <span class='ocrx_word' id='word_1_670' title='bbox 1101 5319 1241 5395; x_wconf 89' lang='lat' dir='ltr'><strong>divina-</strong></span> <span class='ocrx_word' id='word_1_671' title='bbox 1329 5351 1356 5416; x_wconf 57' lang='grc' dir='ltr'><strong>ι)</strong></span> <span class='ocrx_word' id='word_1_672' title='bbox 1376 5339 1497 5404; x_wconf 55' lang='lat' dir='ltr'><strong>mg„</strong></span> <span class='ocrx_word' id='word_1_673' title='bbox 1511 5341 1629 5403; x_wconf 50' lang='lat' dir='ltr'><strong>pugg„</strong></span> <span class='ocrx_word' id='word_1_674' title='bbox 1649 5333 1786 5396; x_wconf 47' lang='lat' dir='ltr'><strong>mm,</strong></span> 
     </span>
    </p>
   </div>
   <div class='ocr_carea' id='block_1_12' title="bbox 0 0 2377 5828">
    <p class='ocr_par' dir='ltr' id='par_1_12' title="bbox 0 0 2377 5828">
     <span class='ocr_line' id='line_1_52' title="bbox 0 0 2377 5828; baseline 0 0"><span class='ocrx_word' id='word_1_675' title='bbox 0 0 2377 5828; x_wconf 95' lang='lat' dir='ltr'><strong> </strong></span> 
     </span>
    </p>
   </div>
  </div>
 </body>
</html>
