4714 5832
67 709 72 718 ’
197 689 346 781 ⁸bitiose
363 712 575 782 moventem,
601 689 890 780 excutiaPegaso
907 685 1059 756 etdeiici
1072 685 1110 752 in
1124 680 1213 752 Cili·
1266 683 1477 755 lescentibus
1494 677 1644 770 Psalmi,
1670 705 1775 776 quam
1800 681 1887 751 olim
1902 683 2065 768 inerunt,
2095 695 2258 774 cnsaepe
2346 693 2347 752 t

217 237 289 312 ate
767 205 1204 286 nersronanun
1268 205 1484 286 arnan.
1536 204 1673 286 teas.
2186 205 2256 280 140

218 407 274 478 lbi
302 387 454 474 describi
479 385 793 482 Bellerophontem
821 395 965 476 propter
989 379 1127 472 priores
1151 377 1210 444 vi·
1264 401 1344 447 nem
1359 375 1583 448 Psalmorum
1599 377 1639 448 in
1651 373 1810 470 templis,
1835 389 1875 448 ut
1892 389 1926 447 et
1940 373 2164 450 saniliariter
2180 379 2258 448 noti

219 507 347 578 ctoriae
369 505 501 572 factum
522 491 790 566 insolentiorcm
814 501 849 556 et
870 479 951 553 vebi
970 482 1100 572 Pegaso
1117 481 1210 548 intra
1264 481 1388 550 fierent
1410 479 1597 565 omnibus,
1629 493 1664 551 et
1677 493 1719 550 ut
1735 479 1945 548 auscultatio
1961 481 2168 552 accenderet
2179 480 2258 572 pios
2346 501 2347 520 ¹

222 609 358 679 coelum
375 603 573 677 volentem,
600 595 635 662 id
652 605 723 675 eat,
749 612 803 658 res
818 613 891 656 non
908 583 1119 652 necessarias
1135 605 1211 650 aar·
1265 595 1380 651 motus
1403 582 1441 650 in
1459 583 1671 672 pectoribus.
1721 579 1827 652 Nunc
1847 579 1967 652 minus
1980 581 2259 653 notisuntado-

222 813 323 882 ciam.
375 803 431 874 lbi
455 797 624 870 celebrari
640 793 735 865 Pelei
763 791 972 872 castitatem,
998 787 1061 880 qui
1080 783 1215 876 expeti·
1266 809 1492 876 cummagno
1515 772 1912 858 doloreanimadvertd.
1961 783 2088 856 Laudo
2100 785 2211 874 igitur
2225 799 2262 854 et
2346 809 2347 872 ;

222 927 279 983 tus
301 909 345 980 ab
365 901 484 976 Acasti
507 901 655 988 conidge
678 907 713 964 et
736 896 781 962 al)
803 919 841 960 ea
865 889 954 958 falso
977 899 1158 956 accusatus
1181 897 1216 953 ct
1267 888 1454 956 consilium
1482 902 1516 958 et
1536 889 1756 958 voluntatem
1779 885 1849 954 viri
1871 885 2090 976 integerrimi
2108 883 2262 958 Domini
2346 901 2347 916 ¹

225 1012 383 1082 obiectus
405 1002 593 1076 Centauris
617 1009 777 1068 servatur
804 1005 944 1084 accepto
973 989 1090 1080 gladio
1121 985 1216 1054 divi·
1265 981 1424 1059 Nicolai
1442 983 1622 1083 Asclepii,
1645 985 1811 1058 Douma,
1836 985 2099 1073 luriuomptp’
2124 989 2190 1082 qui
2213 989 2262 1056 ἢ.
2346 1003 2347 1054 3

225 1113 333 1181 uitus.
390 1103 553 1198 Denique
586 1099 716 1170 multas
749 1095 916 1183 imagines
948 1085 1215 1181 pulcherrimas,
1267 1089 1431 1160 lustravit
1456 1091 1667 1160 cantilenam
1694 1100 1872 1180 sumptam
1899 1113 1941 1158 ex
1968 1088 2124 1160 Psalmo:
2170 1085 2264 1158 coel'
2346 1089 2347 1122 ¹

226 1213 354 1284 nsultas
370 1203 535 1276 historias
553 1216 585 1272 et
601 1197 804 1292 gravissima
825 1205 1006 1286 praecepta
1024 1190 1127 1264 tradi.
1269 1199 1428 1260 narrant
1445 1205 1521 1276 etc„
1547 1205 1582 1262 et
1595 1186 1688 1260 hanc
1703 1191 1749 1259 ad
1766 1203 1800 1260 te
1816 1189 2000 1281 epistolam
2016 1190 2152 1282 scripsi,
2176 1191 2263 1284 quia

254 1391 256 1398 Α
326 1309 423 1380 Haec
438 1299 624 1376 Politiant
642 1299 776 1385 oratio,
803 1297 866 1366 etsi
888 1295 1042 1386 speciosa
1066 1303 1135 1372 est,
1162 1301 1217 1358 ta·
1270 1307 1304 1362 te
1327 1318 1468 1386 quoque
1489 1294 1561 1362 scio
1582 1306 1703 1384 optare
1710 1341 1722 1377 ,
1754 1304 1796 1362 ut
1812 1291 1979 1380 inventus
1993 1292 2102 1382 magis
2115 1307 2208 1364 amet
2226 1305 2263 1362 et

226 1439 308 1486 siren
325 1425 377 1482 est
391 1405 547 1480 hominis
563 1401 760 1494 ignorantis
778 1397 966 1468 discrimen
984 1395 1077 1462 inter
1091 1415 1217 1482 genera
1270 1395 1490 1486 frequentius
1511 1395 1603 1483 legat
1623 1392 1794 1466 Psalmos.
1845 1391 1966 1462 simus
1988 1387 2186 1466 hortatores
2205 1396 2263 1464 iu-
2346 1357 2347 1440 i

227 1514 489 1596 doctrinarum,
521 1509 614 1576 inter
638 1501 749 1598 legem
776 1514 809 1570 et
825 1489 1095 1592 Evangeliam,
1121 1491 1216 1586 quod
1270 1497 1431 1566 nioribus
1453 1510 1494 1564 ut
1509 1496 1642 1587 optima
1658 1495 1814 1576 discant,
1847 1506 1881 1564 et
1897 1493 2153 1584 coniungamus
2167 1509 2264 1577 vota,
2346 1465 2347 1496 ³

227 1631 280 1688 θὸῑ
304 1613 486 1707 Ρΐθμῐῐῠῐῐῐ
506 1605 684 1678 Ecclesiae
707 1601 786 1676 Del·
836 1597 915 1670 Etsi
938 1598 1033 1666 enim
1060 1595 1161 1666 dulce
1185 1605 1218 1662 el
1270 1612 1311 1668 ut
1334 1598 1428 1666 filins
1443 1594 1510 1666 Dei
1536 1619 1674 1686 semper
1694 1595 1732 1664 in
1759 1587 1815 1664 bis
1838 1594 2042 1683 regionibus
2065 1611 2100 1667 et
2118 1598 2265 1684 colligat

227 1717 455 1810 splendidum
479 1723 531 1782 cst
553 1731 693 1778 carmen
717 1703 964 1786 Pindaricum,
1005 1714 1123 1770 tamen
1150 1695 1218 1763 alia
1272 1714 1305 1768 et
1322 1701 1493 1787 gubernet
1516 1695 1729 1782 Ecclesiam,
1762 1708 1797 1764 et
1816 1708 1975 1786 protegat
1996 1698 2072 1766 eius
2095 1691 2264 1788 hospitia,
2346 1695 2347 1746 t

221 1835 281 1890 est
309 1815 452 1910 propria
478 1837 545 1881 vox
568 1807 763 1890 Ecclesiae,
802 1803 966 1872 videlicet
990 1801 1033 1869 dc
1054 1799 1128 1867 filio
1152 1795 1220 1867 Dei
1271 1799 1368 1870 Bene
1384 1813 1419 1870 et
1433 1800 1583 1870 feliciter
1598 1799 1685 1872 vale.
1728 1795 1896 1870 Calendis
1911 1796 2108 1890 Septembr.
2128 1795 2238 1871 1553,

229 1921 440 2000 mediatore,
473 1915 516 1984 de
534 1907 847 1990 reconciliatione,
866 1905 909 1971 de
927 1901 1148 1971 restitutione
1165 1897 1220 1964 vi-

229 2037 285 2092 tae
301 2033 481 2100 aeternae,
506 2017 646 2082 devera
664 2007 897 2079 invocatione.
935 1999 1032 2072 Hace
1049 2025 1123 2070 non
1137 2010 1220 2067 sunt
1281 2023 1713 2037 ---·-—----—
2186 2024 2260 2032 ,m

228 2119 417 2190 Pindarico
433 2128 493 2186 aut
511 2113 708 2194 Socratica,
740 2109 800 2178 sed
817 2107 1001 2176 discuntur
1014 2129 1055 2172 ex
1068 2099 1221 2194 promis-

231 2222 408 2300 sionibus,
442 2239 528 2309 quas
542 2213 638 2284 Deus
654 2209 829 2281 Ecclesiae
845 2205 1043 2276 illustribus
1061 2201 1221 2272 testimo·
1319 2195 1352 2242 ⁰·
1368 2167 1481 2244 5463·
2113 2186 2146 2244 t.
2161 2172 2248 2256 Sept.

230 2323 301 2392 niis
327 2318 485 2395 tradidit.
553 2313 649 2384 Haec
671 2311 815 2404 propria
839 2304 1016 2377 Ecclesiae
1050 2299 1221 2396 sapientia

231 2427 269 2495 in
290 2421 415 2494 multis
434 2417 584 2488 Psalmis
611 2415 800 2496 recitatur,
842 2431 930 2501 quos
952 2405 1056 2475 nobis
1082 2415 1221 2498 oportet
1622 2351 1690 2442 1⁰·
1718 2351 1915 2440 Lucam.
1984 2459 1989 2468 .

231 2519 505 2594 sarrriliarissime
535 2529 640 2586 notos
673 2538 756 2583 esse.
826 2508 911 2580 Fuit
942 2507 1114 2578 excellens
1146 2509 1222 2572 vir·
1340 2513 1379 2568 Ex
1397 2512 1484 2568 libros
1508 2511 1693 2584 „aphorismi
1710 2511 1892 2586 flyppocrsrts
1908 2511 2028 2580 carmine
2043 2511 2267 2568 nationum.

232 2640 288 2696 tus
310 2625 349 2692 in
369 2618 542 2702 Hercule,
568 2615 694 2699 Peleo,
719 2613 933 2694 Telamone,
961 2607 1105 2686 iasone,
1134 2627 1222 2695 qrsos
1372 2581 1596 2704 Qffi‘ukm.
1612 2581 1746 2705 Lucam&
1771 2582 1872 2636 ”¹⁵⁰³
1890 2591 1919 2636 θ’
1939 2581 2091 2664 mediatam
2109 2581 2269 2664 1³¹⁰s⁸⁸⁸9¹2

1394 2669 1429 2733 pu
1493 2653 1688 2704 ostocbsenses.
1748 2669 1793 2702 uua
1812 2649 1897 2722 praei.
1918 2649 1994 2703 Pbrl..
2015 2649 2080 2703 Met.
2100 2649 2132 2704 ad
2155 2651 2268 2710 Clarus,

234 2726 386 2796 celebrat
402 2719 599 2800 Pindarus,
629 2739 717 2806 quae
739 2713 881 2807 quidem
901 2709 1092 2780 etclivinus
1113 2705 1222 2774 adila·
1375 2717 1755 2778 vtatotannemtucaoum.
1791 2717 1949 2786 Rossoetii,
1969 2717 2114 2774 nnttrtt
2140 2718 2187 2774 θ’

233 2843 290 2899 tus
310 2823 389 2896 luit.
443 2821 493 2894 Ut
515 2819 610 2888 enim
623 2815 719 2886 Dens
742 2811 880 2903 generis
902 2805 1051 2880 humani
1077 2806 1223 2878 societa-

233 2945 304 3021 tem
321 2938 483 3007 tueatur,
505 2921 642 3012 aliquos
657 2917 908 3007 gubernatores
922 2911 1055 2981 institia
1071 2922 1106 2978 et
1121 2907 1223 2978 forti-

235 3029 513 3106 emineamus,
551 3035 592 3090 ut
613 3021 722 3108 leges,
753 3013 902 3099 iudicia,
933 3013 1079 3104 imperia
1103 3031 1223 3101 pacem

236 3116 441 3210 restituant,
471 3137 504 3193 et
523 3122 707 3194 seditiosos
733 3113 895 3187 bomines
912 3115 1040 3184 tollant
1059 3137 1077 3180 e
1094 3110 1224 3179 medio.

237 3229 306 3300 Sed
339 3228 457 3317 plures
487 3223 576 3292 aliae
605 3225 752 3292 virtutes
777 3231 861 3287 sunt
883 3215 920 3284 in
943 3213 1097 3294 Davide,
1134 3208 1225 3294 Elia,

236 3326 375 3411 Eliseo,
409 3320 714 3402 Ezechia‚'losia.
777 3317 827 3386 Hi
849 3341 970 3386 verum
994 3313 1109 3384 Deum
1134 3323 1226 3379 recte
1313 3333 1316 3340 ·

238 3437 450 3520 agnoscunt,
489 3425 657 3492 invocant
683 3435 716 3490 et
740 3431 956 3500 monstrant;
992 3411 1031 3484 hi
1053 3414 1228 3482 mediato·
1279 3409 1325 3492 ln
1347 3447 1386 3490 re
1407 3421 1544 3492 difficili
1565 3434 1600 3491 eg
1622 3423 1751 3502 ardua,
1782 3422 1822 3492 in
1844 3445 1915 3516 qu,
1938 3425 2278 3496 successuspaudem

238 3555 324 3615 rem,
351 3529 462 3597 fillum
478 3521 1091 3638 Deicelebransgsaiansaeternam
1105 3511 1226 3618 ΕῑῦῙὲ-
1283 3521 1388 3595 habet
1402 3525 1457 3592 vir
1470 3523 1693 3596 doctissimus
1711 3515 1913 3592 Mattheus
1926 3518 2127 3596 Roselcrus
2144 3521 2278 3598 Lucu-
2346 3523 2347 3592 ζ

241 3633 327 3700 siam
345 3629 463 3716 colligi
483 3627 663 3714 agnitione
679 3621 905 3702 mediatoris,
931 3619 1057 3700 sciunt,
1083 3641 1119 3684 se
1134 3617 1170 3682 in
1190 3637 1227 3682 ea
1282 3649 1371 3710 nuc,
1390 3625 1475 3693 artis
1491 3625 1646 3694 medicae
1659 3625 1801 3710 doctor,
1827 3607 2166 3721 taborem'suscepit,
2193 3655 2279 3701 cum
2346 3667 2347 3684 .

242 3728 397 3802 Ecclesia
419 3728 527 3816 recipi
544 3727 581 3794 in
599 3726 762 3814 gratiam,
792 3720 967 3803 exaudiri,
991 3716 1181 3808 gubernari
1197 3728 1229 3782 et
1284 3727 1516 3821 flyppocrafig
1541 3726 1682 3795 oracula
1702 3727 1863 3797 versibus
1885 3721 2130 3820 reddiditffl'),
2182 3731 2280 3803 Nam

244 3831 396 3922 protegi,
430 3841 465 3898 et
485 3849 521 3894 se
539 3823 705 3894 haeredes
725 3847 796 3892 esse
811 3823 951 3891 suturae
965 3817 1230 3888 consuetudinis
1283 3853 1362 3897 cum
1384 3828 1423 3895 in
1446 3827 1517 3896 illis
1539 3827 1706 3898 brevibus
1731 3829 1879 3899 decreti,
1903 3849 1964 3898 su,
1988 3830 2061 3902 sin,
2081 3834 2279 3906 verborum

243 3934 335 4022 apud
351 3928 469 4000 Deum
485 3929 523 3996 in
536 3925 691 4042 Ecclesia
708 3923 861 3996 coelesti.
904 3917 1007 3990 Hanc
1024 3917 1229 4010 sapientiam
1286 3929 1450 4019 pondera,
1469 3927 1688 4012 difficileesp,
1713 3929 2145 4022 ,afmlgfflamlpngmm
2159 3949 2281 4008 ,mns-

243 4033 397 4102 discerni
413 4041 554 4121 oportet
569 4055 586 4096 a
601 4024 811 4107 Pindarico,
844 4036 878 4092 et
896 4036 1010 4092 extare
1027 4035 1061 4090 et
1076 4017 1230 4110 conspici
1285 4031 1451 4114 fundere,
1478 4055 1517 4099 ac
1533 4029 1712 4099 difficilius
1727 4031 1908 4124 aliquanto
1926 4035 2081 4104 carmine
2096 4035 2135 4104 in
2157 4038 2280 4112 aliena

245 4135 434 4250 discrimen
458 4153 596 4200 necesse
621 4141 683 4201 est.
733 4124 877 4204 Fateor,
905 4122 1081 4212 praeclare
1102 4133 1137 4189 et
1152 4143 1233 4188 vere
1286 4133 1406 4220 lingua
1429 4133 1585 4200 reddere,
1637 4129 2280 4226 Sedindustriosaepediffieulcaaem

245 4247 415 4323 “fimum
431 4255 504 4301 0⁸⁸0
522 4231 566 4300 ab
583 4227 750 4298 H⁰s³ll⁰²
1285 4233 1380 4302 vicit.
1429 4231 1590 4324 Cumque
1607 4235 1755 4302 maxime
1774 4234 1859 4304 velit
1880 4233 1996 4324 ipsum
2012 4233 2282 4331 Hyppocratem

331 4345 437 4442 Multa
458 4345 609 4442 Dirceunr
631 4341 718 4440 levat
740 4359 818 4439 apro
841 4336 994 4434 Cygnum
1289 4333 1356 4420 legi
1370 4347 1403 4401 et
1417 4335 1545 4412 edisci,
1572 4356 1646 4400 non
1663 4347 1736 4401 uta
1753 4333 1911 4403 sontibus
1929 4339 2080 4408 abducat
2099 4343 2282 4414 studiosos

332 4428 450 4492 'Pendet
471 4429 592 4488 Antom
612 4437 739 4506 quoties
761 4445 793 4486 tn
815 4423 900 4487 altos
921 4422 1050 4485 nubtum
1071 4426 1207 4484 tractus.
1288 4430 1372 4502 haec
1386 4433 1543 4523 scripsit,
1567 4437 1626 4501 sed
1643 4447 1683 4503 ut
1697 4433 1943 4522 cogitationem
1958 4438 1997 4505 in
2012 4437 2282 4532 Hyppocmem

250 4533 319 4649 Sed
342 4545 460 4601 tamen
484 4529 544 4596 itta
564 4551 693 4643 cpgnea
709 4525 856 4594 Pindari
870 4525 986 4594 cantio
1001 4539 1138 4596 tantum
1157 4549 1235 4591 mn-
1289 4535 1397 4624 magis
1422 4533 1632 4608 intenderet,
1680 4531 1742 4605 „Et
1766 4538 1936 4607 adiuvant
1967 4543 2107 4609 numeri
2138 4569 2280 4616 memo.

249 4634 383 4750 trlauest
403 4632 489 4720 legis
510 4628 949 4745 parno11a3nequapuam
966 4640 1016 4694 est
1032 4651 1098 4696 vox
1113 4621 1233 4693 Evan-
1290 4639 1389 4720 riam,
1415 4651 1448 4704 eg
1464 4637 1618 4704 fortassis
1633 4635 1771 4729 aliquo,
1787 4637 2000 4708 invitabunt.
2054 4641 2175 4730 Qum
2190 4671 2282 4716 can·

251 4735 344 4823 geln.
364 4834 373 4850 ι
396 4729 450 4848 De
472 4727 539 4800 boc
561 4731 773 4841 descrimine
785 4749 940 4794 iuniores
963 4749 1236 4815 saepe-commo·
1290 4738 1365 4804 didi
1397 4737 1536 4804 lectoris
1565 4738 1631 4804 erig
1656 4739 1832 4818 studium,
1873 4741 2078 4810 emnium
2105 4759 2140 4814 e,
2167 4747 2281 4818 indu-

253 4835 374 4904 ueiiers
393 4833 480 4902 utile
498 4845 559 4900 est.
610 4825 701 4898 Cum
717 4849 811 4893 enam
828 4827 1096 4896 confunduntur
1109 4847 1234 4913 genera
1288 4837 1411 4906 sariam
1435 4838 1605 4924 probare,
1634 4838 1770 4906 etiamsi
1791 4839 1829 4906 in
1852 4863 1890 4906 re
1906 4863 1998 4910 nova
2014 4856 2047 4910 et
2061 4845 2201 4915 difficili
2216 4873 2283 4920 eo-

253 4935 513 5015 ‹loctrinarum,
545 4946 742 5022 sequuntur
763 4925 869 4995 multi
892 4947 1028 4994 errores
1049 4925 1234 5014 perniciosi
1289 4949 1391 5004 natus
1414 4961 1487 5003 non
1512 4961 1648 5028 semper
1668 4961 1844 5008 successus
1860 4934 1965 5012 babet
1981 4943 2112 5016 similes
2174 4947 2220 5018 M
2248 4951 2261 5019 l

249 5038 355 5106 ¹uitae.
418 5029 499 5102 Erit
526 5043 641 5099 autem
665 5044 816 5120 utraque
839 5025 942 5094 lectio
968 5025 1117 5114 gratior,
1158 5048 1236 5092 cunr
1287 5069 1489 5088 ............
2115 4998 2123 5014 ⁶
2221 4976 2244 5020 ῃ
2262 4995 2285 5010 ”

253 5160 337 5206 usus
360 5131 582 5220 intelligitur.
633 5125 681 5199 Et
704 5127 955 5220 assuefaciendi
970 5139 1053 5195 sunt
1069 5124 1238 5205 iuniores,
1322 5127 1481 5250 'opposta
1502 5129 1557 5182 te.
1579 5109 1826 5214 ortunaotoceas.
1860 5129 1969 5188 Nomen
1989 5123 2288 5209 toanaamaffiflmss

1407 5217 1482 5252 188·

253 5249 294 5306 nt
308 5237 521 5353 cognoscant
534 5231 718 5348 utriusque
732 5230 867 5346 generis
880 5227 1019 5346 scripta.
1072 5221 1124 5294 Ac
1145 5225 1236 5343 opti-
1322 5283 1371 5342 *η
1392 5277 1784 5336 Vid.aett0..1..0.gffl,
1852 5285 1903 5339 Η
1954 5285 1980 5342 h·

251 5359 312 5407 mo
337 5339 485 5408 consilto
508 5345 661 5404 instituet
681 5329 838 5402 Ecclesia
859 5331 1034 5400 ass1duam
1056 5339 1237 5418 repetitio·
1356 5349 1536 5406 0„1,‚1550,
1786 5301 1849 5353 ¹³⁹¹
1905 5305 1953 5342 ⁰¹⁰
1974 5309 2058 5342 ¹¹¹¹⁰¹¹¹
2076 5288 2189 5346 Antan.
2211 5291 2238 5351 d·
2255 5296 2285 5352 ².

1275 2859 1501 2941 Clarissimo
1519 2867 1628 2956 Viro,
1654 2865 1856 2940 eruditione
1870 2877 1902 2940 et
1918 2869 2046 2940 virtute
2058 2873 2276 2968 praestanti

1275 2971 1331 3046 D.
1356 2969 1537 3042 Ioanni
1560 2966 1805 3066 Lucano*)
1831 2967 2132 3054 Ducanaris,
2164 2963 2273 3043 Can-

1277 3072 1430 3144 callario
1449 3071 1595 3168 Inclyti
1613 3066 1800 3169 Principis
1819 3069 1845 3144 I
1846 3065 2009 3144 ohannis
2026 3071 2170 3144 Albam·
2181 3071 2275 3146 Du·
2346 3109 2347 3132 .

1278 3174 1328 3244 cis
1355 3171 1684 3268 Megalburgensis
1720 3183 1780 3244 etc.
1824 3175 1861 3248 S.
1886 3174 1930 3246 D.
1958 3167 2160 3273 Philippus
2185 3174 2276 3247 Me-
2346 3151 2347 3220 ἶ

1691 3269 1863 3352 Ianthen.
