4712 5828
90 223 169 298 266

96 417 153 468 res
176 397 253 467 iore
276 393 515 492 lmperiorum
537 395 783 482 confusiones,
816 421 923 490 quam
943 400 1089 468 suerunt

97 513 213 570 antea.
265 496 335 570 Sed
357 511 535 590 petamus,
558 494 753 570 Ecclesiam
768 499 863 570 inter
884 496 946 569 has
967 501 1090 570 ruinas

96 625 289 692 regnorum
305 600 439 672 servari
460 598 592 672 aFilio
605 599 684 672 Dei.
735 600 853 691 Quam
875 603 988 673 tristia
1010 625 1090 694 spe-

97 703 233 774 ctacula
252 701 345 772 vidit
365 715 476 773 aestas
499 701 694 793 superioris
716 705 803 774 anni
826 703 864 772 in
894 703 1088 775 Germania

97 806 190 876 etin
214 798 357 894 Anglia.
418 801 467 876 Et
491 798 575 876 huic
605 828 701 876 anno
728 807 845 876 sidera
872 808 1090 878 denunciant

96 905 346 978 horribiliores
380 919 509 980 motus.
568 901 646 977 Oro
669 905 804 978 Filium
831 905 919 992 Dei,
957 921 999 980 ut
1023 931 1089 980 nos

95 1023 274 1102 protegat,
296 1022 330 1080 et
347 1032 421 1080 non
437 1009 530 1080 sinat
550 1007 628 1078 lieri
644 1010 846 1082 barbaricas
866 1011 1089 1085 vastationes.

94 1111 140 1182 ln
154 1107 222 1182 hac
238 1111 369 1182 vicinia
385 1111 453 1184 Dei
467 1111 640 1183 beneficio
654 1109 773 1184 adhuc
787 1113 979 1186 mediocria
1003 1127 1087 1185 sunt

96 1214 342 1286 doctrinarum
363 1215 498 1300 studia,
523 1228 564 1285 ut
585 1216 743 1306 pagellae
765 1217 976 1302 ostendunt,
1002 1239 1089 1310 quas

93 1316 214 1388 mitto.
254 1314 307 1386 Te
321 1339 403 1400 oro,
418 1329 458 1387 ut
476 1315 661 1402 libellum,
677 1319 733 1388 cui
749 1317 874 1390 titulus
888 1333 959 1404 est,
974 1315 1088 1388 Exa-

92 1414 242 1514 men*),
266 1417 362 1507 legas
376 1433 547 1512 tanquam
564 1441 709 1490 severus
725 1444 861 1492 censor.
901 1419 1088 1510 Quaedam

91 1521 232 1590 intexui
246 1513 330 1614 περὶ
344 1523 413 1593 τοῦ
428 1513 564 1620 λόγου,
600 1517 655 1592 De
677 1523 786 1592 tantis
808 1525 914 1594 rebus
930 1525 1088 1618 colloqui

91 1635 212 1692 tecum
229 1623 346 1716 cupio.
398 1619 446 1694 Et
461 1649 516 1693 me
531 1624 690 1695 fortassis
713 1621 822 1696 huius
846 1625 932 1696 anni
954 1625 1089 1696 tumul·-

91 1739 151 1794 tus
173 1719 262 1796 hinc
282 1725 469 1817 expellent.
518 1722 617 1796 Bene
637 1739 672 1798 et
692 1727 843 1798 feliciter
866 1727 944 1798 vale
970 1743 1005 1798 et
1030 1751 1087 1798 rc-

90 1827 220 1900 scribe.
271 1823 439 1898 Calendis
456 1825 592 1900 Martii.

673 217 1104 299 EPISTOLARUM
1155 225 1367 304 LlB.Xll.
1421 226 1550 306 1664.

2057 233 2135 312 284

1138 393 1392 470 Matthoco
1417 391 1630 480 Collina,
1655 399 1695 470 in
1713 397 1913 475 Academia
1930 397 2127 503 Praganss.

1139 545 1186 634 S·
1213 563 1259 637 D.
1318 563 1524 640 Clarissime
1545 569 1601 638 vir
1633 583 1667 643 ct
1688 569 1805 640 carias.
1838 571 1957 642 irater.
2013 567 2061 642 Et
2088 597 2129 644 ex

1138 670 1209 738 tuis
1231 669 1369 760 scriptis
1393 685 1427 740 et
1449 695 1491 740 ex
1514 671 1666 740 aliorum
1689 671 1885 742 amicorum
1902 674 2127 744 sermonibus

1138 771 1316 862 intelligo,
1342 773 1474 842 multos
1488 785 1706 864 praestantes
1721 773 1818 844 viros
1834 797 1907 844 esse
1922 775 1960 842 in
1983 776 2129 855 familiis

1137 873 1314 964 generosis
1330 875 1444 964 gentis
1458 869 1690 961 Bohemicae,
1718 877 1780 970 qui
1795 877 1839 946 ad
1861 890 1995 952 caetera
2021 901 2129 948 orna-

1138 989 1255 1046 menta
1286 977 1661 1051 doctrinam-addunt.
1719 975 1861 1048 Literae
1896 977 1967 1047 viri
1996 978 2128 1049 nobilis

1136 1071 1319 1148 Floriani
1342 1081 1430 1150 adeo
1456 1079 1634 1168 eleganter
1654 1081 1698 1150 ad
1722 1104 1778 1149 me
1800 1081 1950 1172 scriptae
1964 1095 2067 1164 sunt,
2088 1095 2129 1150 ut

1138 1181 1247 1272 magis
1270 1205 1352 1252 eum
1366 1180 1536 1252 admirari
1555 1196 1589 1252 et
1611 1179 1772 1280 amarc¹)
1798 1183 1985 1274 coeperim.
2028 1178 2128 1254 'Cum

1137 1296 1255 1354 autem
1280 1285 1426 1354 excellat
1452 1283 1672 1370 eruditione,
1705 1307 1781 1356 non
1803 1285 1929 1356 dubito
1957 1307 2038 1356 eum
2063 1307 2127 1355 suo

1137 1385 1270 1456 iudicio
1287 1399 1320 1456 te
1337 1385 1534 1480 complecti.
1586 1385 1663 1458 Scit
1678 1387 1773 1456 enim
1790 1387 2038 1478 dignissimum
2055 1409 2128 1455 esse

1077 1524 1086 1543 ·
1137 1488 1215 1558 viro
1240 1489 1355 1558 nobili
1383 1502 1417 1560 et
1441 1488 1574 1580 patriae
1592 1489 1681 1560 utile
1711 1489 1801 1560 tueri
1834 1491 1929 1560 viros
1950 1481 2129 1572 honestos,

1139 1589 1297 1662 emditos
1319 1605 1353 1661 et
1373 1592 1465 1663 bene
1487 1604 1662 1660 merentes
1685 1593 1728 1660 dc
1743 1591 1938 1664 iuventute.
1992 1588 2127 1682 Scripsi

1138 1707 1257 1764 tamen
1273 1693 1413 1764 adeum
1429 1695 1473 1764 de
1488 1705 1540 1777 te,
1567 1705 1601 1763 et
1614 1688 1765 1784 petii²),
1790 1707 1832 1764 ut
1847 1707 1881 1766 te
1903 1705 2026 1762 contra
2045 1693 2128 1760 bar·

1139 1796 1306 1867 barorum
1323 1789 1571 1888 sycophantias
1594 1795 1769 1869 defendat.
1819 1793 1906 1886 Legi
1926 1808 2028 1865 tuum
2051 1816 2129 1864 car·

1138 1921 1220 1966 men
1243 1897 1422 1988 praeclare
1447 1910 1481 1968 et
1499 1897 1555 1986 pie
1576 1897 1759 1988 scriptum.
1811 1893 1909 1988 Quid
1926 1897 2022 1966 enim
2046 1895 2127 1964 dnl-

1138 1999 1214 2069 cius
1229 2010 1281 2071 cst
1297 2023 1404 2092 quarn
1420 2001 1515 2092 quod
1531 1999 1616 2070 dicit
1631 1993 1699 2074 τὸν
1714 1990 1846 2095 λόγον,
1870 2023 1934 2090 per
1948 2021 2054 2092 quem
2068 2019 2127 2065 so-

1139 2115 1199 2174 nat
1213 2099 1384 2193 sapientia
1402 2097 1471 2170 Dei
1485 2101 1604 2190 vagire
1626 2101 1665 2168 in
1688 2101 1813 2172 cunis?
1861 2099 1935 2172 Nec
1957 2098 2127 2190 suspicari

1138 2227 1300 2294 possum,
1327 2203 1414 2297 quid
1430 2203 1539 2272 vestri
1561 2203 1673 2274 critici
1697 2202 1902 2276 arroserint.
1953 2199 2127 2272 Fortassis

1079 2315 1086 2331 '
1139 2301 1204 2376 bos
1220 2327 1341 2376 versus
1358 2305 1574 2374 calumniose
1590 2299 1871 2395 reprehendunt:
1898 2316 1950 2372 est
1962 2317 2125 2374 mortuus

396 2425 451 2511 P.
483 2427 781 2514 Medmaaao.

161 2585 238 2641 Edita
255 2585 310 2640 aS.
326 2587 360 2642 Α.
375 2583 515 2642 Gabbema
530 2586 559 2640 in
576 2587 654 2658 epist.
669 2587 735 2643 clar.
750 2587 843 2642 Viros.
860 2607 886 2660 p.
899 2587 941 2642 89.

266 2716 332 2792 Aa
349 2715 539 2792 Petrum
565 2716 913 2797 Medmanaum.

88 2851 324 2952 lntegerrime
340 2859 408 2932 Vir
423 2875 459 2932 et
472 2861 651 2932 carissime
664 2859 800 2937 Frater.
851 2855 953 2932 Nihil
969 2863 1085 2934 scribo

89 2967 134 3036 de
153 2963 389 3056 imperiorum
419 2964 654 3050 tumultibus,
689 2967 734 3036 de
765 2963 896 3058 quibus
920 2977 953 3034 te
983 2965 1084 3056 plura

90 3069 180 3138 scire
196 3090 271 3136 non
287 3065 432 3152 dubito,
458 3089 564 3160 quam
580 3087 644 3155 ego
660 3065 745 3140 scio.
796 3061 874 3136 Oro
888 3079 1006 3136 autem
1022 3065 1085 3136 Fi-

89 3171 181 3239 lium
197 3165 285 3253 Dei,
311 3181 353 3239 nt
365 3169 460 3243 inter
473 3163 537 3238 has
554 3168 739 3258 regionum
756 3169 879 3240 ruinas
891 3164 1085 3240 servetEc-

89 3271 234 3340 clesiam
248 3293 360 3340 suam.
410 3269 571 3360 Pagellas
587 3270 654 3341 tibi
668 3271 771 3342 mitto
791 3283 895 3341 testes
919 3271 1083 3341 laborum

88 3385 316 3457 nostrorum,
351 3385 386 3442 et
403 3367 503 3464 peto,
536 3385 578 3442 nt
600 3372 753 3454 librum,
787 3373 846 3444 cui
872 3372 997 3443 titulus
1023 3387 1084 3458 est,

89 3469 338 3568 Examen²),
368 3495 557 3564 generosae
579 3469 807 3562 Dominae²)
830 3475 960 3548 tradas.
1010 3472 1084 3544 Ta-

90 3577 137 3646 lia
155 3576 312 3646 scribere
327 3574 446 3646 indico
462 3577 593 3648 rectius
611 3597 702 3661 esse,
728 3599 835 3670 quam
849 3589 983 3647 certare
997 3601 1083 3646 con-

88 3679 213 3764 viciis,
245 3701 326 3750 curn
349 3675 416 3764 iis,
449 3680 605 3774 quinos
634 3679 819 3766 allatrant,
850 3703 915 3750 nec
940 3681 1083 3750 student

88 3779 279 3873 complecti
294 3779 470 3873 integrum
493 3780 676 3852 doctrinae
694 3805 833 3876 corpus.
885 3778 1027 3872 Quaeso
1042 3795 1083 3852 ut

89 3883 195 3954 nobis
219 3881 353 3953 scribas
371 3907 435 3976 per
454 3877 552 3955 hunc
573 3883 810 3960 tabellarium.
868 3879 967 3954 Bene
995 3882 1083 3954 Vale

87 3983 219 4060 Cariss.
232 3981 368 4059 Frater.
419 3982 493 4058 Cal.
510 3979 648 4057 Martii.

829 4081 1030 4182 Philippus.

916 4283 1079 4296 ..κα-ιω*

88 4387 286 4522 Q.

933 4407 975 4466 ’1.
987 4395 1077 4464 Mart.

438 4561 507 4650 M.
538 4553 745 4650 Collina.

189 4707 214 4778 †
230 4703 269 4760 Es
286 4721 382 4780 apogr.
400 4705 429 4762 in
448 4709 510 4766 cod.
530 4707 616 4766 Paris.
634 4705 791 4766 1).1..64’.

119 4894 148 4962 ⁸)
168 4891 289 4946 &amen
307 4908 421 4960 eornm,
441 4893 489 4965 qni
507 4889 658 4945 audiuntur
675 4901 738 4944 ante
756 4891 839 4946 ritum
861 4893 986 4964 publices
1000 4893 1079 4948 crdi-

154 4959 284 5017 nationis.
319 4957 433 5014 Witeb.
455 4961 528 5014 1654.
551 4959 577 5016 8.
612 4957 792 5015 Germanicas
833 4961 889 5020 Etr
907 4964 1079 5022 ,ortianum

156 5030 288 5100 trama,
307 5031 355 5088 tots
370 5035 397 5087 ss
414 5035 443 5087 tn
461 5031 505 5087 tec
522 5029 777 5099 tttcttstrtorqttdrcn
794 5029 1020 5106 httdcaoctattns
1037 5051 1078 5103 qr:

153 5100 226 5168 tonet
243 5099 284 5166 stt.
321 5101 449 5156 tlttttsat.
470 5097 544 5152 1554.
562 5099 590 5154 8.

123 5183 150 5248 1)
168 5183 187 5239 i.
200 5202 230 5238 e.
243 5182 364 5238 &amen
378 5181 621 5248 ordinandorum,
639 5184 696 5240 vid.
711 5184 789 5256 epist.
802 5183 835 5238 sd
849 5169 1037 5256 llardcnberg.
1051 5185 1078 5240 d.

156 5255 181 5307 t.
194 5252 283 5307 Mmt-
295 5261 324 5306 ct
337 5251 410 5306 infin
424 5252 451 5307 d.
465 5252 505 5307 17.
517 5251 603 5308 Mart.

122 5335 330 5408 quantusue
347 5337 452 5392 Frisise
464 5335 631 5406 orientalis,
649 5339 766 5410 Annae,
786 5339 867 5394 matri
883 5336 1004 5393 Eduardi
1026 5357 1078 5396 co·

155 5406 238 5464 mitis.
272 5406 355 5476 (Nota
370 5405 469 5476 Gaas.)

1139 2429 1244 2476 verus
1267 2407 1367 2476 velut
1389 2401 1517 2491 homo,
1556 2406 1738 2499 quiescens
1770 2404 1914 2474 interim
1937 2399 2128 2486 Divinitas,

1139 2533 1222 2578 nam
1236 2509 1339 2580 litera
1354 2505 1389 2578 A
1405 2507 1565 2600 passione
1579 2503 1788 2600 perstitit³).
1838 2504 1908 2575 Hic
1924 2507 2049 2575 recitas
2065 2527 2127 2571 ve-

1139 2611 1224 2683 tusti
1240 2611 1422 2701 scriptoris
1438 2609 1553 2680 Irenei
1569 2610 1687 2679 verba.
1738 2605 1788 2678 Et
1802 2607 1851 2678 sic
1874 2621 1947 2678 tota
1964 2604 2125 2677 Ecclesia

1047 2703 1049 2710 ’
1138 2713 1309 2806 loquitur.
1369 2709 1441 2783 Sed
1467 2713 1497 2782 si
1527 2711 1699 2803 particula
1734 2706 1828 2778 velot
1861 2708 2127 2798 ambiguitatem

1139 2815 1250 2907 parit,
1282 2813 1385 2884 facile
1406 2813 1539 2884 mutari
1559 2813 1679 2906 priora
1702 2811 1852 2882 dimetra
1866 2823 2026 2902 possunt.
2077 2804 2127 2878 Et

1139 2940 1243 2987 carne
1264 2939 1347 2986 vere
1369 2929 1421 2986 est
1441 2928 1603 2986 mortuus
1619 2903 1740 3004 affl*
1757 2937 1792 3004 >
1816 2914 2000 3006 quiescens
2033 2912 2126 2982 inte·

1137 3013 1265 3111 rim⁴).
1315 3015 1375 3088 Sic
1390 3015 1517 3086 Petrus
1531 3015 1708 3110 loquitur:
1735 3009 1876 3087 παθῶν
1893 3007 2013 3110 σαρκί.
2055 3009 2126 3084 sed

1138 3120 1295 3211 significa
1317 3117 1547 3204 nominatim,
1582 3120 1669 3214 quid
1702 3114 1977 3210 reprehendant.
2036 3113 2126 3186 Car-

1137 3233 1220 3291 men
1237 3235 1338 3294 tuum
1353 3221 1515 3306 remitto,
1540 3221 1571 3290 si
1587 3221 1674 3314 qnid
1690 3219 1848 3291 fortassis
1866 3217 1998 3288 mutari
2013 3217 2125 3285 voles.

1136 3321 1186 3395 Et
1206 3325 1236 3394 si
1260 3323 1407 3394 anobis
1432 3323 1491 3392 edi
1510 3323 1626 3410 voles,
1658 3322 1841 3394 remittito.
1897 3317 2059 3408 Pegellas
2082 3319 2126 3386 de

1136 3428 1243 3512 bono,
1259 3425 1420 3520 principe
1434 3419 1599 3496 Asconio
1622 3425 1722 3496 vobis
1736 3423 1860 3506 mitto,
1888 3422 1989 3491 cuius
2011 3419 2126 3512 excel-

1136 3529 1247 3599 lentes
1270 3529 1417 3600 virtutes
1439 3529 1577 3598 utinam
1602 3527 1793 3619 potuissem
1816 3523 1944 3593 melius
1966 3522 2124 3613 pingere.

1134 3627 1309 3701 Existimo
1338 3642 1453 3700 autem
1483 3631 1649 3722 prodesse
1670 3629 1757 3698 tales
1779 3621 1946 3696 historias
1970 3621 2126 3694 iuniori-

1135 3733 1213 3806 bus.
1266 3730 1307 3802 Si
1327 3731 1445 3800 vivam
1467 3733 1573 3802 etiam
1593 3733 1637 3801 de
1653 3725 1827 3800 Bohemia
1849 3741 1964 3799 restra
1988 3724 2126 3820 aliquid

1135 3835 1303 3920 scribam,
1329 3833 1395 3904 etsi
1411 3848 1450 3904 tu
1466 3835 1609 3928 quidem
1630 3834 1742 3906 multo
1757 3831 1885 3904 melius
1899 3829 2050 3924 patriam
2065 3850 2125 3898 or-

1134 3961 1221 4008 nare
1241 3950 1350 4030 potes.
1403 3931 1452 4006 Et
1473 3937 1504 4008 si
1527 3937 1614 4032 quid
1629 3936 1697 4008 fuit
1711 3929 1801 4006 mihi
1817 3933 1974 4024 ingenii,
2000 3931 2037 4000 id
2065 3953 2125 3998 ex-

1134 4041 1285 4110 tinctum
1307 4052 1360 4110 est
1381 4039 1532 4110 assiduis
1555 4039 1735 4110 aerumnis
1755 4050 1791 4108 ct
1814 4035 2018 4116 doloribus,
2044 4053 2125 4098 cum

1133 4141 1294 4236 undique
1319 4165 1376 4210 me
1396 4140 1568 4212 invadant
1589 4135 1826 4236 sycophantae
1846 4129 1964 4232 ὥςπερ
1991 4125 2123 4228 θηρία,

1132 4244 1223 4316 sicut
1238 4244 1283 4314 de
1296 4267 1370 4316 sese
1384 4243 1503 4337 inquit
1516 4237 1785 4322 Demosthenes,
1822 4237 1894 4312 Sed
1911 4234 2122 4308 commendo

1132 4343 1327 4418 Ecclesiam
1343 4359 1377 4416 et
1390 4369 1447 4416 me
1459 4343 1549 4424 Deo.
1598 4337 1697 4416 Bene
1713 4355 1749 4424 et
1761 4340 1912 4420 feliciter
1923 4341 2012 4412 vale.
2047 4331 2123 4406 Cal.

932 4473 1077 4520 ’Μ
1131 4446 1274 4536 Martii,
1304 4443 1415 4538 1554.

1128 4639 1358 4654 m

1165 4750 1192 4818 1)
1211 4751 1328 4818 amore]
1346 4743 1444 4820 scripsi
1469 4763 1519 4818 pro
1540 4744 1651 4806 amori,
1681 4749 1711 4795 ut
1738 4758 1830 4814 apogr.
1858 4735 1947 4793 babet.
1989 4733 2121 4808 Suspicor

1196 4817 1404 4874 Melanthonem
1418 4814 1558 4886 scripsisse
1575 4811 1718 4868 omeron'.
2110 4820 2114 4829 ·

1160 4923 1192 4987 2)
1208 4921 1291 4990 petis]
1309 4916 1404 4991 scripsi
1419 4935 1471 4989 pro
1481 4925 1563 4985 peto,
1581 4913 1656 4985 qnod
1673 4911 1804 4967 mendrm
1819 4919 1870 4966 cst.

1159 5025 1188 5094 s)
1206 5023 1278 5078 Dedi
1290 5031 1320 5076 nt
1332 5019 1508 5094 apographon
1525 5037 1555 5072 ea
1568 5016 1657 5070 babet.

1157 5127 1189 5194 4)
1208 5123 1280 5180 Dedi
1292 5131 1322 5178 nt
1334 5122 1434 5192 scripta
1450 5127 1521 5174 sunt.
