4726 5818
232 223 307 300 m
797 207 1232 290 EPISTULARUM
1280 209 1400 291 mu·
1420 207 1505 290 ΧΠ.
1557 205 1691 288 lm
1968 281 1973 290 .
2194 211 2274 290 m

237 393 344 468 e'tiam'
367 400 550 466 cromnam
574 389 875 473 consideratione,
904 387 959 458 uti
981 387 1084 478 grani¹
1100 385 1226 456 dolore
1275 383 1440 478 μανίαν.
1488 381 1603 456 Notae
1621 397 1708 458 sont
1725 383 1795 472 eia,¹
1819 385 1884 480 q'oi
1899 379 2068 458 menete
2081 385 2269 458 doeentm

240 499 384 568 affectus
405 519 483 566 sum
501 491 543 564 er
567 507 626 564 tua
646 493 716 562 iam
740 490 988 584 responsione,
1012 511 1096 582 prae
1115 511 1152 558 se
1173 489 1228 557 ie·
1276 489 1440 573 andiunt,
1460 497 1652 580 extantque
1667 486 1812 580 publice
1825 487 1882 561 rel
1895 487 2158 561 testificationes
2174 511 2272 560 meae

240 613 341 670 rente
370 613 521 668 vestram
547 595 680 687 ubique
710 591 951 662 innocentiam
980 604 1014 660 et
1034 591 1164 660 iustam
1188 587 1229 656 in
1276 591 1333 660 vel
1346 589 1576 660 refutationes
1586 589 1755 660 adversus
1767 591 1955 686 plerasque
1967 579 2126 682 purioris
2137 592 2271 662 doetri-

241 725 308 772 nos
329 699 570 782 iracundiam,
610 719 677 789 qua
699 695 796 787 pacis
819 717 897 786 spes
926 692 1044 762 omnis
1071 689 1228 784 praecidi
1278 715 1345 763 naa
1359 693 1400 760 iu
1416 687 1585 762 Ecclesiis
1600 685 1829 780 Auguttsuae
1846 691 2078 764 confessionis
2092 693 2271 764 recentio-
2359 705 2360 714 ’

240 803 445 885 videbatur,
492 799 541 869 ita
576 819 700 867 rursus
732 798 875 865 tandem
908 795 1076 864 laetitiam
1111 790 1230 882 accepi
1277 817 1334 864 res
1349 791 1582 884 corruptelas,
1606 806 1648 865 ut
1664 789 1997 885 dathanitarum,
2022 791 2271 868 Sacramenta-

242 906 362 994 iegens
383 905 422 972 iu
439 902 509 970 line
531 900 632 969 istius
648 897 888 990 responsionis
903 895 1230 966 denominationem
1278 895 1427 978 riorum,
1447 888 1844 990 Staenclseldr'onurum,
1866 891 2106 980 lacertarum,
2121 887 2272 968 osma·

242 1005 380 1078 iudicii.
437 1001 488 1073 Ut
511 1023 577 1070 nos
596 1022 678 1088 ergo
703 1021 840 1090 semper
859 997 1092 1088 expetivimus
1112 994 1230 1085 legiti-
1280 991 1361 1083 dri,
1386 990 1554 1066 Maioris
1569 997 1705 1068 etalias
1719 995 1889 1091 quasdam
1911 993 2030 1068 adbuc
2045 999 2165 1068 minus
2185 1022 2270 1090 per.

242 1131 337 1178 mam
354 1103 464 1178 totius
480 1125 603 1172 causae
625 1101 880 1190 cognitionem,
905 1101 956 1170 ita
972 1093 1119 1189 posthae
1135 1119 1231 1165 nun·
1279 1099 1456 1189 vulgatas,
1480 1111 1603 1168 eontra
1621 1119 1710 1192 quaa
1729 1100 1901 1170 monendi
1922 1121 2025 1171 causa
2047 1099 2152 1170 etiam
2177 1113 2271 1170 cate-

245 1207 353 1304 quam
379 1205 567 1288 iaciemus,
598 1217 638 1272 ut
670 1203 803 1273 stetisse
830 1225 892 1290 per
922 1223 988 1269 nos
1014 1201 1091 1268 iure
1117 1197 1229 1267 videri
1279 1195 1402 1283 chesiu
1425 1221 1540 1270 meam
1564 1199 1715 1274 institui.
1765 1199 1942 1272 Pervelim
1963 1201 2072 1286 scire,
2102 1201 2168 1272 ubi
2193 1189 2274 1270 Ca·

243 1309 376 1402 possit,
402 1331 448 1374 ne
471 1306 527 1374 vel
548 1304 702 1394 cognitio
723 1306 907 1396 procedat,
933 1303 988 1370 vel
1006 1301 1111 1369 finem
1127 1321 1230 1368 snum
1281 1299 1401 1372 nisius
1414 1301 1609 1393 scripserit,
1633 1297 1817 1374 Christum
1832 1325 1908 1374 non
1923 1327 1997 1374 esse
2019 1303 2274 1388 invocandum,

243 1413 288 1482 ad
312 1409 563 1479 restituendam
585 1407 679 1499 piam
701 1407 926 1475 concordiam
949 1403 1091 1473 abunde
1106 1425 1231 1471 conse·
1280 1417 1321 1474 ut
1337 1404 1579 1490 mediatorem,
1606 1407 1885 1496 etquomodoae
1899 1406 2071 1491 declaret,
2094 1419 2136 1476 ut
2150 1407 2274 1497 impu·

244 1526 385 1607 quatur.
1281 1506 1439 1576 dentiam
1459 1527 1606 1596 arguere
1631 1505 1777 1578 alterius
1801 1507 1947 1598 possim.
2003 1506 2129 1578 Habeo
2151 1507 2272 1599 ipsum

345 1625 559 1717 Respondet,
575 1649 658 1695 vem
674 1623 747 1717 ipse
762 1623 866 1694 eriam
883 1635 914 1692 te
930 1621 1073 1692 iubente
1089 1621 1132 1690 ad
1150 1641 1232 1713 par..
1282 1606 1352 1676 iam
1374 1609 1555 1678 doctorem
1577 1621 1613 1678 et
1630 1607 1719 1678 alios
1743 1611 1914 1700 quosdam
1937 1609 2045 1680 ovina
2066 1609 2160 1700 pelle
2182 1633 2272 1679 con-

245 1747 298 1803 tes
315 1728 481 1822 epistolae
496 1741 577 1798 tuae
593 1722 661 1796 boc
678 1727 821 1820 qrtidem
838 1724 1020 1808 libentius,
1042 1723 1137 1814 quod
1154 1721 1232 1791 adi·
1280 1721 1390 1780 tectos
1404 1709 1508 1799 lupos
1524 1709 1563 1776 in
1577 1709 1684 1796 urbe,
1709 1710 1839 1802 quibus
1859 1735 1916 1780 me
1930 1735 2072 1803 oppono
2094 1735 2171 1780 non
2193 1712 2272 1782 sine

244 1847 303 1905 tus
315 1830 466 1901 faciendi
482 1841 565 1898 sunt
578 1830 621 1898 ad
638 1827 921 1897 transactionem.
955 1823 995 1896 st
1011 1847 1100 1918 quae
1114 1837 1232 1894 manen
1283 1810 1456 1902 praetenti
1475 1810 1644 1901 periculo·
1685 1806 1734 1882 Et
1750 1812 2115 1903 audioaproceribus
2130 1813 2270 1904 abipso

246 1935 292 2005 ad
313 1928 405 2004 banc
430 1931 550 2000 minus
570 1931 787 2000 videbuntur
808 1928 1068 1998 accommodata
1082 1919 1135 2016 ⁴),
1161 1925 1232 1994 iuri
1281 1911 1373 2002 “83⁸
1392 1913 1541 1982 ⁰⁰¹¹⁵ffi⁰
1563 1925 1685 1982 ⁶⁰⁰1?ss
1710 1914 1870 2003 publicat
1892 1914 2047 1984 “litum
2065 1935 2182 1995 ΝΜ,
2210 1937 2272 1984 1¹³2

246 2035 348 2107 dabis
370 2031 636 2104 rescribentium
660 2044 694 2100 ct
711 2029 925 2114 necessitati,
951 2041 991 2100 ut
1008 2049 1098 2121 quae
1114 2027 1232 2096 minus
1282 2013 1535 2083 di⁵ce⁸⁸i³⁸e³b
1547 2007 1753 2103 bogutiana
1768 2015 2001 2088 consessione.
2034 2014 2179 2086 Utinam
2195 2037 2271 2085 non

245 2134 581 2208 'eommodeobiecta
597 2134 739 2220 inerint,
762 2133 1133 2225 diluanturquatenus
1151 2151 1233 2198 vere
1281 2115 1391 2186 vestri
1414 2115 1503 2186 tales
1523 2114 1629 2184 eiiam
1649 2116 1694 2186 de
1715 2138 1773 2186 tue
1798 2117 1981 2188 insinuent
1999 2139 2198 2200 sermones,
2223 2121 2269 2186 ad

244 2251 404 2332 possunt,
1283 2241 1373 2310 quos
1393 2218 1593 2306 arguendos
1612 2239 1731 2286 meum
1754 2211 1911 2288 bunede
1928 2243 2067 2290 summo
2084 2219 2270 2288 doctrinae.

1282 2332 1423 2388 nostrae
1446 2317 1595 2389 articulo
1613 2317 1730 2404 edidi,
1753 2320 1900 2392 deutrus
1919 2321 2011 2390 forte
2026 2321 2146 2410 plures
2161 2321 2268 2390 etiarn

1282 2421 1327 2490 de
1352 2421 1442 2494 aliis.
1494 2415 1572 2504 Ab,
1595 2419 1627 2489 si
1651 2443 1714 2490 vos
1738 2423 1884 2510 perinde
1907 2417 2001 2492 nibil
2025 2421 2269 2492 discessissetis

1282 2523 1328 2592 ab
1347 2545 1387 2591 ea
1402 2521 1622 2592 consessione
1638 2534 1744 2614 atque
1762 2546 1828 2594 nos
1839 2523 2080 2604 discessimus,
2103 2519 2197 2594 nibil
2212 2524 2271 2594 ins

1282 2635 1337 2694 ter
1350 2647 1415 2694 nos
1429 2623 1549 2694 suisset
1566 2623 1720 2708 dissidii,
1745 2626 1846 2719 sique
1868 2625 2078 2695 sententiam
2094 2625 2271 2696 declaras-

1279 2727 1364 2795 setis
1384 2739 1508 2796 contra
1522 2719 1729 2812 Maiorem,
1761 2727 1951 2820 minusque
1972 2727 2125 2798 inissetis
2149 2727 2272 2796 indul·

1557 2829 1709 2898 dedisset
1740 2829 1801 2900 ille
1833 2853 1945 2900 novas
1976 2831 2115 2913 turbas,
2155 2851 2272 2919 neque

349 2355 535 2428 Praedieas
556 2354 660 2426 nobis
682 2353 861 2424 silentium
884 2363 1002 2434 tuum,
1030 2350 1126 2444 quod
1151 2373 1231 2418 cum

245 2460 427 2554 apologiae
447 2457 523 2528 vice
545 2457 617 2530 tuis
640 2479 779 2548 semper
792 2451 954 2524 habitum
972 2451 1034 2536 sit,
1058 2474 1132 2520 non
1152 2449 1232 2542 paci

244 2561 386 2654 serviit,
411 2561 469 2630 sed
498 2561 595 2629 aurit
618 2557 803 2628 dissidium
812 2581 822 2642 ;
858 2553 1019 2649 quamvis
1044 2553 1132 2622 adeo
1157 2575 1231 2621 non

247 2661 395 2734 siluistis
411 2661 566 2758 quidem,
590 2673 630 2730 ut
644 2661 809 2742 dicendo,
833 2656 1032 2738 scribendo,
1054 2654 1231 2746 pingendo

247 2765 408 2836 omnium
421 2765 460 2833 in
475 2787 539 2832 nos
553 2761 636 2832 odia
651 2761 839 2844 concitare,
857 2759 901 2829 ad
918 2756 1109 2826 vindictam
1127 2755 1231 2825 etiam

247 2891 345 2958 reges
361 2877 395 2936 et
411 2865 588 2957 principes
602 2864 777 2934 solicitare
793 2885 865 2932 nou
881 2857 1149 2931 intermiseritis.
1182 2853 1232 2926 Et
1281 2842 1420 2917 8⁰⁰²&
1453 2851 1529 2896 ⁰⁰¹¹

177 3040 181 3048 .
248 2970 342 3064 quod
374 2967 468 3060 pacis
492 2966 609 3036 studio
633 2967 779 3034 minime
804 2976 877 3033 erat
901 2959 1136 3044 conveniens,
1163 2957 1242 3028 sub·
1281 2925 1397 2999 adhuc
1423 2931 1522 2999 ‘¹⁰²²‘
1554 2929 1658 3019 iiiiii
1683 2929 2013 3022 8118ΡῑὌΡθὸἷῐῖθῑὶθ
2040 2929 2079 3000 5¹¹
2107 2929 2272 3001 (Ῑῦίίῐίὓῑ

247 3069 392 3141 initium
408 3069 555 3140 actionis
576 3061 683 3137 buius
699 3069 742 3136 de
758 3065 965 3146 concordia,
991 3085 1056 3131 nos
1071 3059 1232 3152 capitali·
1280 3027 1478 3122 Evissdilll·

246 3173 315 3242 bus
330 3195 418 3264 pene
437 3169 643 3238 criminibus
660 3167 869 3238 nominatim
888 3163 1129 3249 narraveritis,
1145 3183 1231 3232 ton·
1383 3163 1500 3256 Vulgo
1526 3165 1632 3236 uobis
1659 3165 1828 3236 obiicitur
1844 3163 2012 3236 omnibus
2042 3165 2272 3256 carpentibus

246 3272 458 3366 tempseritis
471 3297 576 3365 qnam
592 3271 852 3360 superbissime.
1280 3259 1468 3335 hominnm
1484 3267 1587 3348 vitia,
1613 3283 1654 3341 ut
1667 3269 1709 3337 ad
1728 3267 1981 3358 poenitentiam
1997 3290 2035 3336 se
2049 3283 2271 3349 convertant,

349 3389 391 3461 ln
405 3391 615 3460 refutatione
631 3383 800 3472 bostium,
819 3387 905 3479 qnid
924 3385 961 3453 in
979 3397 1023 3468 te,
1046 3374 1231 3476 Philipps,
1282 3389 1346 3436 ¹¹0³
1363 3368 1571 3455 conviciari,
1598 3363 1663 3440 bos
1684 3370 1712 3438 si
1735 3383 1797 3440 tuo
1822 3391 1964 3464 quoque
1986 3368 2119 3438 indicio
2140 3369 2272 3438 eoniir-

246 3493 351 3566 talem
366 3507 509 3582 gerente
526 3514 728 3582 personam,
755 3491 817 3558 diu
838 3488 905 3555 iam
923 3486 1158 3554 desideratum
1173 3481 1231 3565 sit,
1280 3470 1430 3539 mitteris
1450 3481 1483 3540 et
1499 3473 1679 3563 exemplo,
1703 3472 1807 3566 quale
1823 3469 1923 3541 dabis
1943 3469 2210 3541 ministerium?
2291 3567 2296 3576 ι

245 3596 350 3676 nosti,
375 3608 410 3665 et
427 3591 603 3664 Ecclesiae
617 3591 820 3684 praesertim
836 3587 1046 3657 Bruteniene
1057 3579 1087 3681 ¹)
1103 3605 1229 3672 magno
1381 3623 1435 3696 Te
1451 3621 1588 3694 filim
1608 3648 1665 3696 me
1677 3647 1818 3718 quoque
1833 3623 2095 3715 praemonitum
2111 3625 2156 3690 d„
2174 3623 2272 3694 adia·

245 3720 310 3766 ⁵¹¹⁰
334 3697 428 3765 ”¹³¹⁰
452 3695 618 3765 ⁸⁰⁰liunl’
668 3687 874 3785 Acciplmm
895 3703 1028 3774 lamen’
1053 3688 1151 3780 ΨΜ
1163 3707 1230 3756 ¹¹⁰⁸
1281 3719 1422 3817 pboris,
1445 3726 1547 3796 testis
1564 3738 1616 3796 est
1632 3725 1778 3817 epistola
1795 3723 2027 3816 disputationi
2048 3725 2191 3816 publice
2207 3725 2272 3794 ad-

156 3825 159 3832 “
244 3821 310 3890 Pro
344 3797 497 3880 tivibffls
531 3819 604 3865 ⁰⁰¹¹
638 3819 703 3887 ΡΥο
738 3789 900 3865 h⁰⁸llb¹¹⁸
925 3815 1028 3860 Vim
1053 3785 1231 3905 Meda?
1279 3827 1418 3910 iuncta,
1444 3827 1581 3920 tibique
1599 3851 1662 3920 per
1675 3829 1856 3898 doctorem
1871 3821 2007 3896 Ionum
2032 3825 2111 3916 piae
2134 3852 2270 3895 memo-

243 3895 428 3970 habcndos
449 3919 587 3982 censes,
618 3897 797 3966 uec'sane
819 3893 929 3964 ullius
951 3893 1030 3962 ialsi
1060 3904 1121 3960 aut
1144 3912 1230 3959 novi
1280 3929 1372 4008 riae,
1399 3927 1634 4024 witebergw
1654 3943 1730 4000 mm
1755 3923 1931 4020 hospitem
1980 3923 2138 4000 exhibita
2192 3943 2272 4020 pou

244 4003 418 4092 dogmatis
431 4023 577 4092 arguere
595 4012 711 4092 potes,
734 4011 795 4070 aut
810 3999 969 4089 publicae
985 3993 1134 4063 actionis
1149 4013 1231 4082 per·
1938 3982 1949 4012 2
2147 3983 2158 4008 s

273 4105 282 4121 ,
306 4105 315 4122 ,
541 4101 550 4118 ,
883 4100 892 4116 ,
1279 4030 1451 4124 privatam
1467 4025 1636 4100 Maioris
1650 4031 1687 4100 in
1700 4055 1755 4102 me
1772 4023 2099 4104 stomachationem.
2151 4029 2270 4100 'l'estis

237 4127 399 4174 ,niuosae
415 4099 611 4181 Ecclesiae,
644 4114 683 4172 ut
705 4122 771 4169 nos
795 4113 990 4190 potuimus;
1017 4108 1051 4166 et
1065 4117 1127 4164 vos
1146 4115 1230 4210 pro-
1278 4131 1347 4202 eris
1370 4147 1403 4201 e,
1426 4133 1517 4224 ipse,
1540 4133 1570 4202 si
1591 4133 1741 4202 addim
1758 4133 1909 4214 mim,
1934 4157 2013 4202 cum
2033 4146 2110 4224 post
2130 4129 2271 4221 Regm-

243 4219 361 4297 Ptem
380 4229 420 4274 ⁸¹
437 4205 574 4276 ‘Mbm
589 4226 678 4296 ΡΜ
693 4196 810 4271 h⁰⁸m
826 4201 933 4270 sulm
947 4201 1068 4280 f³⁰⁸⁰⁸’
1094 4219 1135 4264 ⁰¹
1151 4216 1230 4262 ω’
1278 4258 1350 4302 sem
1359 4229 1387 4324 ³)
1403 4233 1692 4304 deliberationem
1709 4235 1823 4332 iturus
1837 4235 1881 4303 ad
1900 4229 2184 4304 luterbocensern
2204 4233 2269 4326 ipsi

242 4333 301 4376 mo
318 4307 488 4392 dolemus,
512 4329 716 4400 quanquam
733 4327 806 4372 non
821 4297 960 4383 hostes,
983 4298 1103 4370 sedai»
1118 4291 1230 4363 bosti-
1279 4315 1372 4405 mihi*
1394 4337 1623 4426 responderes
1647 4335 1825 4419 monenti,
1857 4337 1950 4406 bona
1970 4335 2185 4406 comestum
2206 4361 2269 4406 n&

242 4410 311 4478 bus
334 4408 433 4500 qrtasi
461 4409 573 4479 victos
602 4407 848 4476 iudicavimus.
908 4401 987 4470 Non
1014 4413 1099 4468 vrtro
1121 4409 1230 4487 igitur
1277 4435 1411 4510 minem
1434 4461 1534 4528 posse
1555 4437 1722 4508 interme
1744 4437 1819 4506 ἰδῇ,
1834 4437 2052 4520 ‘peponibus'
2079 4451 2186 4534 ,eque
2202 4437 2269 4506 διὶ-

241 4505 535 4580 νεῐῑῐῇθῦῑῑῖὃῐη
556 4508 844 4588 ¹¹⁰bi³d²b⁶b³lr
869 4505 898 4572 *ἶ
919 4503 1006 4594 (ΨΜ
1026 4502 1063 4570 ἰῃ
1084 4520 1229 4588 'ecum‘
1278 4563 1383 4630 quem
1412 4539 1479 4607 iter
1503 4537 1642 4632 alio⁴)t
1683 4537 1872 4629 intelligis,
1911 4539 2000 4632 quid
2024 4540 2152 4610 dicam.
2205 4533 2268 4608 ‘De

241 4615 364 4682 ¹³⁰d¹³
377 4625 498 4696 *¹⁰¹¹*
523 4622 739 4729 ⁰³fl²¹¹⁸q¹¹⁸
752 4609 901 4726 „lumi”
915 4607 1053 4723 ⁶¹‚V¹¹¹¹¹⁸
1071 4601 1229 4718 hb⁰ff¹⁸'
1277 4639 1390 4710 libero
1406 4639 1553 4710 arbitrio
1571 4666 1653 4710 vero
1671 4665 1750 4710 cum
1767 4641 1865 4734 prius
1881 4637 1973 4710 nibil
1989 4641 2130 4734 publice
2145 4655 2268 4710 contra

240 4707 1209 4804 semusvebementrusquaminferrendrsadversarus.
1277 4764 1357 4826 vos,
1393 4741 1779 4833 spepacpspnemnhe‚
1812 4743 1909 4814 volup
1935 4745 2078 4814 tandem
2105 4755 2140 4816 et
2164 4742 2266 4813 imm

339 4829 413 4900 Nec
432 4853 495 4920 ego
515 4853 571 4898 me
588 4829 732 4922 quidem
752 4825 913 4898 continui
939 4845 1082 4912 prorsus
1099 4819 1228 4890 adver-
1276 4843 1498 4934 praeminere
1519 4845 1813 4915 ,dmonppponm
2169 4847 2173 4856 ·

239 4955 297 5002 sus
320 4953 526 5001 communes
540 4929 719 5000 Ecclesiae
742 4942 882 4996 nostrae
906 4921 1024 4994 bostes
1043 4921 1228 5014 ptudmos,

236 5047 275 5102 ut
299 5034 364 5123 ipsi
387 5029 476 5102 mibi
501 5033 741 5104 testimonium
767 5025 951 5123 perbibent
969 5042 1003 5098 et
1022 5035 1227 5096 succensent

1308 5151 1337 5224 8)
1355 5153 1560 5222 Pegsriensem.
1597 5165 1601 5174 “

251 5301 254 5306 .
465 5317 471 5332 Ι
1307 5260 1334 5326 l)
1356 5255 1428 5310 llaec
1438 5255 1622 5310 bielantbonis
1634 5255 1666 5310 aei
1676 5253 1788 5310 Gallum
1801 5255 1914 5328 epistola
1925 5255 2031 5312 videtur
2046 5255 2167 5320 periisse·
2194 5257 2263 5310 cse-
2359 5233 2360 5258 ἶ

267 5319 297 5388 l)
317 5317 388 5370 Cod.
401 5315 474 5372 (istu
488 5315 521 5372 li.
544 5319 738 5372 accommoda.
1342 5335 1431 5378 terum
1449 5327 1542 5380 ultima
1559 5325 1637 5378 rerba
1654 5325 1783 5380 urendoaa
1795 5335 1874 5398 suot,
1898 5325 2014 5380 lostatae
2028 5325 2069 5382 sic
2084 5329 2266 5384 restituenda:

265 5405 296 5466 2)
315 5401 508 5458 Prutbeoieae.
1342 5403 1423 5451 essue
1435 5399 1542 5447 r'turum
1555 5395 1629 5449 raleii.
1744 5463 1747 5470 1
