4712 5828
273 219 348 300 scs
856 219 1293 302 urrsronsauu
1352 221 1460 300 mn
1484 219 1568 298 χιι.
1597 220 1729 304 rest.
2225 187 2300 302 aso

379 387 432 464 dc
463 393 530 468 scit
552 386 752 464 Matthias
784 417 886 486 saepe
918 417 985 466 nos
1016 397 1119 466 valde
1144 415 1262 464 orasse
1312 405 1459 485 propter
1473 389 1721 464 Mediatorem.
1772 389 1875 464 llsnc
1896 415 1970 464 esse
1989 394 2193 466 doctrinam
2217 397 2299 466 sim-

280 493 413 584 ipsum,
445 509 486 566 ut
509 499 606 567 seed
622 519 832 568 consensum
848 491 1085 566 Ecclesiamm
1101 498 1139 566 iu
1155 490 1261 565 Pan·
1314 495 1440 586 plicam
1470 507 1505 564 et
1528 495 1792 586 incorruptam,
1828 497 1994 566 traditam
2019 495 2057 566 iu
2082 493 2300 590 Propheticis

279 592 394 662 aonia
412 598 639 686 adiungeret,
660 599 722 666 sed
739 611 865 668 natura
880 610 931 667 est
945 598 1052 668 nimis
1067 622 1189 666 amans
1204 622 1263 668 ar·
1313 609 1348 666 et
1362 593 1571 688 Apostolilis
1585 596 1726 688 scriptis
1739 597 1963 668 manifestum
1979 609 2051 684 est,
2074 611 2118 670 ut
2132 600 2172 668 io
2187 591 2299 668 Psoi·

279 695 467 784 gutiarum.
524 696 579 768 Eo
596 694 622 794 ¹)
655 699 734 789 plus
762 697 910 790 periculi
936 715 988 769 est
1013 699 1264 784 iudicantibus,
1313 719 1373 768 mo
1396 697 1543 767 dicitur:
1584 693 1818 768 Salvumms
1838 697 1912 794 sac
1927 707 2076 794 propter
2097 697 2298 770 mesericor-

278 795 361 888 quia
388 791 551 868 homines
578 799 695 890 arguti
716 801 792 870 sine
817 801 885 868 fine
907 815 1083 894 quaeruut
1104 801 1264 891 disputa·
1314 793 1417 868 diam
1444 807 1556 869 taam.
1609 795 1656 870 Et
1670 794 1821 868 Daniel
1833 801 1968 894 iuquit:
1990 795 2082 873 Non
2095 799 2138 870 in
2155 801 2299 872 iustitiis

279 897 417 966 tionum
439 900 656 991 praestigias.
707 900 776 972 Sed
800 900 950 989 simplici
969 915 1003 972 et
1018 902 1168 972 candido
1185 903 1264 970 aui·
1314 908 1462 986 nostre,
1485 893 1553 968 sed
1571 895 1610 968 in
1625 896 1877 970 mesericordia
1895 909 1981 982 tna,
2004 898 2299 1000 propterDomi-

279 1021 358 1078 mo,
386 1012 419 1069 et
436 1001 490 1090 pie
506 1003 775 1094 respondemus.
801 999 957 1072 Probare
972 1027 1038 1072 uos
1052 1003 1264 1073 sententiam
1315 1025 1403 1070 ntem
1425 994 1566 1070 maadi
1591 1023 1669 1074 nos.
1735 997 1785 1072 Et
1806 993 1952 1072 Paulus
1976 1003 2108 1098 iuquit:
2141 999 2237 1074 Ideo
2258 1027 2300 1076 es

280 1091 530 1194 Burtphensis
548 1097 576 1196 ²)
600 1101 796 1187 Ecclesiae,
836 1127 924 1196 quae
950 1104 1079 1174 retinet
1104 1105 1264 1176 nativum
1303 1097 1538 1196 fidegratis,
1563 1111 1602 1172 nt
1619 1100 1667 1172 sil
1678 1095 1800 1194 firma
1814 1101 2024 1200 promissio.
2074 1103 2171 1176 Haec
2187 1121 2229 1178 ut
2246 1107 2300 1174 in-

279 1199 496 1271 intellectum
524 1203 794 1294 propositionis,
826 1201 920 1272 Sola
938 1201 966 1297 ³)
980 1199 1062 1296 fide
1085 1199 1265 1296 instifice-
1314 1205 1536 1295 telligantur,
1568 1228 1643 1274 non
1665 1203 1800 1274 ociosos
1823 1206 2095 1296 speculationes,
2121 1209 2181 1276 sed
2201 1231 2301 1278 veros

280 1323 381 1386 metr,
406 1303 495 1372 sicut
510 1318 579 1374 tota
598 1300 803 1396 l‘rophetica
822 1319 857 1376 et
874 1303 1076 1399 Apostolica
1092 1308 1264 1398 scriptura
1316 1329 1482 1400 pavores,
1513 1317 1549 1375 et
1569 1329 1688 1374 veram
1708 1305 1984 1378 consolationem
2002 1307 2039 1374 in
2058 1309 2302 1392 conversione,

278 1401 450 1486 affirmat,
486 1403 567 1474 Sola
592 1407 833 1476 misericordia
859 1421 1004 1498 propter
1027 1407 1264 1480 Mediatorem
1316 1421 1349 1478 et
1374 1406 1581 1502 quotidiana
1604 1407 1827 1476 invocatione
1850 1407 2122 1482 consideremus.
2186 1407 2303 1480 Doce-

280 1501 408 1593 recipi,
443 1507 682 1590 reconciliari,
721 1523 754 1578 et
787 1509 955 1578 vivificari
981 1507 1118 1598 Spiritu
1144 1523 1264 1580 sancto
1315 1533 1393 1580 mars
1410 1533 1484 1578 non
1498 1507 1621 1578 inanes
1635 1502 1890 1606 temotoyt'ee,
1917 1509 1978 1578 sed
1994 1532 2116 1579 vocem
2132 1509 2305 1595 divinam,

190 1683 194 1691 Ι
280 1627 362 1672 vere
388 1607 586 1693 credentes,
611 1609 646 1678 id
667 1623 734 1692 est,
761 1610 887 1679 fiducia
906 1609 989 1680 Filii
1006 1608 1072 1679 Dei
1092 1634 1166 1681 sese
1179 1635 1265 1680 coo·
1316 1623 1350 1680 et
1368 1631 1424 1680 res
1442 1611 1479 1678 in
1496 1609 1568 1678 vita
1584 1609 1734 1678 maxime
1757 1609 1986 1698 necessarias,
2019 1623 2054 1680 ct
2077 1633 2167 1704 quae
2188 1637 2209 1680 a
2234 1613 2304 1702 piis

280 1703 449 1791 solantes;
474 1708 564 1779 sicut
579 1703 727 1780 Paulus
741 1711 877 1804 inquit,
895 1707 925 1779 I
922 1705 1100 1802 ustfirati
1100 1706 1183 1804 fide
1194 1735 1266 1809 pa·
1315 1711 1466 1801 intelligi
1484 1723 1642 1802 possunt.
1693 1709 1854 1782 Dicimus
1869 1734 1955 1780 voce
1967 1711 2089 1782 divina
2103 1713 2205 1802 argui
2222 1737 2303 1805 pec-

281 1827 351 1874 cem
374 1798 562 1883 habemus.
612 1806 691 1881 Etsi
712 1827 827 1882 autem
853 1808 939 1884 haec
962 1813 1045 1882 fides
1060 1839 1122 1885 seu
1137 1811 1265 1885 fiducia
1316 1827 1450 1892 catum,
1491 1826 1526 1883 ct
1560 1834 1684 1880 omnes
1716 1805 1880 1882 homines
1911 1812 2040 1882 debere
2071 1837 2304 1906 expavescere

281 1929 354 1974 non
378 1923 428 1978 est
451 1909 489 1978 in
511 1904 584 1994 his,
610 1913 672 2006 qui
696 1913 808 1983 securi
832 1930 1055 2004 perseverant
1071 1917 1109 1984 iu
1124 1915 1265 1984 sceleri·
1315 1915 1496 2004 agnitione
1520 1914 1592 1982 irae
1609 1911 1692 1996 Dei,
1724 1926 1759 1982 et
1779 1927 2046 2004 expavescentes
2069 1914 2138 1984 lide
2158 1917 2204 1984 ad
2222 1914 2304 1986 Me-

280 2007 365 2092 bus,
391 2023 426 2081 et
441 2025 524 2080 sunt
539 2013 615 2082 siue
629 2015 859 2098 contritione,
884 2030 1000 2086 tamen
1017 2017 1205 2100 contritio,
1231 2029 1266 2086 et
1316 2018 1487 2086 diatorem
1511 2015 1716 2102 confregeras
1748 2009 1873 2106 anue
1890 2015 1957 2084 fide
1973 2013 2100 2104 gratis,
2126 2039 2202 2086 uon
2219 2041 2304 2107 pro-

281 2131 374 2178 nova
394 2111 595 2184 obedientia
618 2138 692 2186 uon
708 2130 792 2188 suut
811 2139 865 2186 res
881 2117 1096 2208 applicantes
1112 2117 1266 2208 promis-
1315 2129 1395 2207 pter
1414 2115 1675 2199 antecedentia,
1708 2127 1769 2188 aut
1792 2115 1974 2209 sequentia
1991 2137 2097 2206 opera
2114 2117 2228 2208 accipi
2246 2141 2303 2186 re-

281 2209 416 2278 sionem
435 2214 584 2302 gratiae,
618 2231 657 2288 ut
670 2217 757 2288 dicit
770 2211 970 2288 Matthias
983 2211 1265 2304 Lauarwatds,
1315 2216 1520 2287 missionem
1536 2229 1777 2306 peccatorum,
1809 2216 2131 2287 reconciliationem
2147 2230 2181 2288 et
2197 2219 2304 2288 iusti-

281 2321 314 2378 et
328 2311 410 2380 satis
423 2319 606 2385 commode
620 2321 804 2411 respondit
817 2313 1088 2390 Rodaschinus
1101 2317 1152 2412 ⁴),
1178 2344 1265 2391 con·
1314 2317 1530 2404 ficationem,
1560 2341 1600 2386 ac
1626 2316 1796 2386 vivificari
1817 2320 1998 2388 credentes
2014 2327 2083 2410 'per
2103 2319 2224 2410 ipsum
2241 2317 2273 2388 1²
2273 2319 2303 2388 i-

281 2411 461 2482 tritionem
503 2439 577 2486 esse
613 2419 783 2512 quiddam
815 2424 1026 2494 antecedens
1056 2421 1262 2492 necessario.
1315 2421 1403 2490 lium
1429 2417 1499 2490 Dei
1524 2419 1699 2490 dicentem
1726 2419 2003 2490 consolationem
2031 2419 2070 2488 in
2101 2421 2230 2504 corde,
2270 2434 2304 2492 et

279 2507 442 2606 Cumque
467 2516 661 2608 interrogat
682 2515 896 2608 Matthias,
935 2537 1057 2593 utrum
1081 2525 1264 2595 antecedat
1315 2523 1523 2592 liberantem
1538 2543 1600 2590 cor
1613 2543 1656 2588 ex
1672 2519 1858 2590 doloribus
1874 2520 2090 2604 inferorum,
2115 2523 2202 2590 dato
2218 2520 2304 2610 Spi-

278 2625 321 2683 ut
337 2629 466 2698 'carram
498 2642 543 2687 an
560 2632 602 2690 nt
616 2623 791 2704 medium,
817 2625 1104 2715 Respondemus,
1130 2647 1263 2718 nequa·
1314 2623 1387 2692 ritu
1400 2635 1532 2705 saneto,
1549 2634 1654 2712 atque
1668 2619 1716 2690 ita
1731 2615 1891 2692 inchoari
1905 2645 2033 2692 novam
2046 2622 2302 2695 obedientiam.

281 2738 387 2806 quam
411 2723 616 2792 antecedere
634 2723 903 2811 contritionem,
928 2731 969 2796 u't
981 2749 1119 2798 causam
1137 2726 1263 2794 remis·
1314 2722 1410 2794 Haec
1429 2722 1572 2792 sicheri
1590 2723 1628 2790 in
1645 2743 1725 2790 vera
1744 2724 1974 2792 conversione
1989 2745 2113 2792 omnes
2128 2723 2180 2814 pii
2196 2747 2304 2814 expe-

278 2814 409 2898 sionis,
442 2841 504 2890 seu
529 2822 712 2909 meritum,
744 2849 809 2896 nec
834 2841 875 2898 ut
900 2827 1056 2897 medium
1083 2827 1263 2919 applicans
1314 2825 1468 2898 ciuntur.
1525 2821 1715 2915 Nunquam
1738 2823 1825 2894 dicit
1845 2818 1997 2908 David,
2028 2847 2064 2892 se
2087 2818 2222 2894 habere
2246 2848 2302 2892 re-

279 2917 567 3026 promissionem,
593 2928 651 2995 sed
667 2927 756 2998 sicut
770 2929 910 3016 vulnus,
937 2941 1000 3000 ant
1012 2929 1168 2998 vulneris
1182 2951 1263 2998 sen·
1312 2925 1517 2996 missionem
1540 2935 1763 3016 peccatorum
1788 2939 1931 3016 propter
1948 2949 2010 2994 sua
2026 2925 2118 2994 bona
2135 2949 2246 3016 opera
2264 2923 2302 2994 iu

281 3037 339 3086 sus
360 3025 535 3094 antecedit
560 3028 787 3101 curationem.
839 3029 973 3101 Totum
1000 3051 1110 3119 geum
1135 3025 1262 3098 huma·
1313 3028 1487 3117 praesenti
1509 3029 1600 3098 iacta
1621 3023 1923 3116 partialiter,'vel
1945 3025 2110 3100 totaliter.
2163 3023 2304 3098 Remo-

277 3139 367 3186 num
381 3131 481 3190 reum
497 3140 548 3197 est
566 3121 764 3200 horrendae
779 3131 851 3202 irae
866 3129 953 3213 Dei,
979 3143 1013 3200 et
1026 3133 1131 3202 seusu
1147 3131 1262 3199 divini
1313 3151 1456 3196 veamns
1477 3122 1541 3196 bas
1563 3127 1798 3216 corruptelas,
1822 3151 1888 3196 nec
1905 3127 2062 3196 sinamus
2076 3150 2197 3196 veram
2217 3149 2305 3196 con-

279 3214 404 3289 ludicii
430 3247 492 3309 per
516 3227 749 3300 ministerium
767 3233 863 3302 vocis
878 3233 1020 3302 divinae
1038 3231 1217 3324 arguentis
1232 3227 1261 3326 Ι)
1313 3227 1521 3298 solationem
1544 3227 1612 3318 piis
1636 3226 1815 3296 mentibus
1837 3228 1940 3317 eripi.
1992 3225 2033 3296 ln
2055 3227 2304 3298 verisdolori-
2350 3297 2351 3326 ,

278 3337 416 3409 peccata
432 3315 484 3417 6),
515 3339 548 3395 et
573 3351 636 3418 per
659 3353 807 3421 poenas,
838 3347 873 3404 et
885 3334 973 3402 alias
988 3332 1090 3404 aliter
1105 3356 1262 3402 commo-
1312 3329 1379 3398 bus
1409 3330 1628 3422 experimur,
1664 3327 1800 3396 nullam
1826 3351 1900 3398 esse
1924 3329 2058 3398 firmam
2083 3329 2304 3398 consolatio-

278 3421 373 3496 nefit.
425 3423 465 3494 ln
495 3421 549 3496 his
572 3432 765 3503 terroribus
783 3411 1056 3525 mutri‘pereunt
1073 3434 1261 3504 irascentes
1313 3431 1413 3512 uerri,
1441 3430 1511 3500 nisi
1526 3425 1634 3514 hanc,
1666 3431 1710 3496 de
1726 3454 1794 3520 qua
1812 3421 1960 3500 Paulus
1977 3429 2113 3523 inquit,
2137 3423 2235 3498 Ideo
2257 3451 2305 3500 ex

276 3515 373 3606 Deo,
398 3541 459 3597 aut
474 3523 657 3624 Epicureo
672 3549 874 3628 contemptu
889 3535 999 3626 magis
1015 3549 1157 3606 ruentes
1174 3557 1260 3604 con·
1299 3525 1381 3622 fide
1393 3529 1537 3624 protis,
1564 3535 1603 3598 nt
1616 3523 1789 3700 sithensis
1802 3527 2010 3624 promissio.

277 3636 329 3690 tra
346 3621 473 3697 Deum.
522 3627 595 3700 Alii
612 3657 685 3703 non
704 3651 937 3728 repugnantes
952 3635 1048 3720 Deo,
1074 3637 1135 3708 sed
1151 3659 1260 3731 quae-
1412 3631 1507 3722 Qoia
1531 3631 1639 3722 igitur
1702 3623 2131 3700 otths'asLouterwoldt
2152 3633 2306 3704 damnat

276 3737 394 3830 rentep
415 3732 690 3804 consolationem
714 3739 753 3806 in
778 3763 863 3808 voce
877 3735 1062 3830 Evangelii
1082 3738 1260 3830 accipiunt
1311 3735 1508 3804 doctrinam
1539 3731 1717 3802 Ecclesiae
1749 3747 1908 3818 nostrae,
1939 3745 1974 3802 et
2004 3733 2192 3804 contendit
2225 3759 2305 3804 non

276 3825 517 3906 remissionem
558 3850 799 3925 peccatorum,
838 3842 1179 3923 reconciliationem,
1219 3862 1259 3908 ac
1309 3835 1384 3904 sola
1399 3835 1486 3914 fide,
1512 3835 1572 3904 sed
1590 3833 1825 3922 contritione,
1851 3849 1886 3906 et
1901 3831 1981 3904 aliis
1997 3831 2207 3926 operibus⁷)
2226 3837 2307 3906 fieri

276 3925 579 4013 iustificatiouem,
613 3948 648 4005 et
680 3939 952 4011 vivificationem
988 3965 1052 4033 per
1083 3939 1257 4033 Spiritum
1309 3935 1579 4028 applicationem
1607 3935 1825 4004 remissionis
1847 3947 2088 4026 peccatorum,
2115 3947 2148 4004 et
2171 3935 2308 4006 iustih-

275 4041 453 4116 sanctum‚
483 4057 523 4103 ac
542 4034 580 4104 lit
600 4033 833 4128 apprehensio
853 4043 1114 4131 promissionis,
1140 4055 1174 4112 et
1194 4065 1259 4132 ap-
1309 4036 1476 4122 cationis3
1505 4035 1721 4116 lodicamns,
1748 4059 1829 4106 eum
1849 4039 1975 4106 docere
1997 4037 2223 4126 corruptelas
2239 4063 2307 4108 ve-

277 4129 608 4222 plicatiosolafide,
636 4139 671 4208 id
691 4153 760 4221 est,
786 4141 1157 4227 fiduciaMediatoris,
1182 4167 1257 4212 non
1309 4139 1576 4211 raedoctrinae.
1626 4135 1699 4206 Nec
1721 4138 1835 4227 reipsa
1858 4135 1978 4207 differt
1991 4131 2077 4206 haec
2093 4141 2307 4227 corruptela

275 4245 419 4322 propter
451 4237 720 4325 contritionem,
758 4265 874 4335 neque
905 4259 1049 4336 propter
1072 4257 1257 4336 sequentes
1308 4233 1575 4332 aSynecdoche
1591 4231 1873 4321 Monachorum,
1904 4238 1967 4330 qui
1985 4237 2109 4308 dicunt
2122 4231 2172 4332 ⁸),
2197 4233 2307 4310 Fide
2348 4313 2349 4318 ,

275 4332 441 4419 virtutes,
463 4340 523 4407 sed
542 4341 669 4412 nititur
683 4343 768 4412 lides
783 4345 859 4414 solo
876 4341 1085 4425 Mediatore,
1112 4369 1173 4414 seu
1188 4343 1257 4412 mi·
1308 4333 1570 4430 testificamur,
1606 4337 1697 4436 quio
1725 4329 1876 4408 inchoat
1905 4332 2131 4407 dilestsbaem
2154 4345 2188 4408 et
2213 4337 2306 4410 alio

274 4433 462 4505 sericordia
487 4454 631 4530 propter
654 4441 889 4515 Mediatorem
915 4446 1103 4536 promissa,
1137 4459 1173 4516 et
1198 4469 1255 4514 ac·
1307 4437 1404 4508 bona
1426 4462 1547 4534 opem.
1599 4439 1759 4510 Verbum
1777 4463 1839 4510 seu
1851 4439 2038 4530 promissio
2055 4440 2128 4508 sola
2147 4440 2223 4510 fide
2239 4467 2308 4536 ap-

273 4533 421 4624 quiescit
446 4561 525 4618 cor,
564 4541 648 4634 quia
670 4545 735 4616 scit
757 4547 1025 4636 promissionem
1049 4561 1161 4619 ratam
1183 4569 1255 4617 esse
1308 4537 1550 4632 prehenditur.
1606 4538 1695 4610 Nam
1718 4535 1785 4611 hae
1808 4563 1847 4610 re
1868 4539 2041 4610 differunt
2058 4540 2144 4610 fides
2162 4555 2199 4611 et
2219 4567 2306 4614 cae-

1308 4659 1379 4714 tera
1394 4667 1519 4732 opera,
1544 4643 1639 4734 quod
1657 4641 1742 4710 fides
1759 4635 1994 4732 apprehendit
2008 4641 2306 4732 promissionem,

308 4817 333 4882 t)
355 4813 633 4876 t’eue.erMant.et.
656 4811 703 4868 set
723 4813 784 4870 cot.
801 4815 984 4886 culpam,
999 4833 1056 4940 X„
1075 4821 1157 4890 m,
1180 4821 1253 4892 quoe
1306 4757 1339 4814 et
1363 4757 1490 4833 accrprt
1510 4766 1583 4810 nou
1603 4753 1644 4812 ut
1673 4755 1855 4814 meritum:
1892 4737 2040 4812 Caetera
2068 4765 2154 4812 vero
2184 4767 2307 4836 opem

336 4883 437 4940 babent
449 4881 533 4938 Manl.
546 4895 572 4938 et
585 4883 647 4940 cod.
662 4881 798 4956 (iosiph,
815 4883 952 4940 Procerus
965 4885 998 4942 de
1017 4885 1039 4940 it
1051 4891 1176 4956 qnando.
1304 4841 1381 4914 ΠΕΟ
1396 4835 1531 4962 fflifflffld
1550 4843 1736 4960 offerunt&
1748 4866 1813 4962 Ψ
1827 4841 2016 4960 ³Pl³ll⁰³tl⁰
2030 4865 2094 4960 llef
2106 4865 2221 4934 ol)m
2242 4847 2307 4916 in·

301 4971 330 5040 t)
350 4969 437 5026 nunt.
454 4969 631 5024 flariacum.
1304 4945 1414 5032 tellrgr
1435 4945 1505 5012 alra
1527 4955 1661 5034 potest,
1699 4967 1770 5014 urar
1790 4956 1927 5013 ratroue
1954 4955 2085 5012 merrtr.
2148 4941 2307 5018 Nomen

301 5059 330 5124 s)
347 5054 419 5125 ata]
438 5071 495 5108 non
508 5052 588 5107 nnc
602 5049 687 5106 nunt.
1304 5045 1412 5134 igitur
1433 5045 1552 5116 meriti
1576 5044 1698 5115 abiicit
1718 5036 1935 5131 Matthias,
1969 5065 2046 5116 sero
2068 5043 2225 5134 nona,
2268 5063 2307 5120 et

298 5145 327 5206 d)
346 5137 555 5220 wdetorpe]
574 5135 662 5190 Mart.
675 5145 701 5189 et
713 5135 903 5211 eodGoelph.
914 5147 1004 5206 καις
1020 5155 1084 5195 nam
1096 5137 1250 5194 &daedi

332 5227 395 5264 mus
406 5209 521 5262 Peucen
534 5204 664 5260 mendum
678 5215 728 5258 est.

298 5299 327 5354 t)
346 5293 416 5348 cod.
430 5287 548 5361 Guelpls.
564 5305 663 5342 sensns
681 5317 710 5328 -
724 5305 856 5355 arguens.
1334 5287 1363 5355 7)
1380 5285 1448 5344 cod.
1461 5283 1580 5355 Gnelpb.
1593 5281 1682 5337 attin
1704 5281 1795 5336 toan.

242 5375 248 5386 '
297 5381 326 5452 0)
345 5377 432 5438 Mad·
444 5377 746 5444 ereetwdepseeato
753 5388 806 5443 per
817 5389 935 5441 poenas.
1333 5373 1362 5442 8)
1379 5377 1519 5440 most]
1536 5368 1628 5424 bisol.

1303 5201 1507 5214 --c———t
