4682 5822
250 201 324 290 ast
813 195 1247 282 nersrouanon
1292 195 1523 284 ιιι-ιη.
1577 185 1717 282 toan
2169 205 2271 288 an

255 379 414 456 iohanne
431 379 556 472 scripta
566 393 638 449 est:
664 371 771 446 Dens
787 367 932 446 dilectio
947 385 1010 459 est,
1032 385 1063 446 et
1079 375 1146 476 qui
1159 401 1242 448 mn·
1292 375 1398 466 higna
1415 371 1487 446 nori
1502 357 1703 451 damnanda
1718 401 1805 465 esse,
1830 381 1890 450 sed
1906 378 2095 452 candidius
2109 361 2193 468 esse,
2215 363 2271 450 bar-⁶

257 475 314 556 nel
331 483 370 553 in
390 477 598 561 dilectione,
624 477 664 550 in
681 475 764 548 Deo
790 487 931 566 monet,
956 487 987 548 et
1004 476 1109 550 Deus
1134 479 1173 548 in
1192 501 1242 553 eo.
1293 479 1403 567 gitare
1419 475 1703 568 explicationem,
1730 507 1843 576 pauca⁸
1853 485 2160 574 respondebimus.
2206 483 2272 554 Nec

256 586 359 658 Hanc
385 585 636 676 amplissimam
662 581 930 673 promissionem
954 584 1174 652 conteramus
1196 583 1241 652 ad
1292 580 1363 648 iam
1393 583 1530 671 prolixe
1555 597 1752 674 repetemus
1776 584 2007 654 iustissimam
2030 587 2211 679 querelam
2232 589 2271 655 de

256 689 344 760 illud
367 689 499 758 dictum
522 683 738 756 Salomonis:
776 677 1015 752 Abominatio
1041 693 1091 752 cst
1118 705 1241 753 corum
1293 682 1505 772 negligentia
1523 684 1683 754 omnium
1699 701 1897 776 temporum
1915 687 1952 755 iu
1970 687 2165 780 loquendo.

255 787 360 878 Deo,
391 785 459 888 qui
483 783 729 884 intersrutres
745 778 941 853 dissidium
958 781 1104 854 excitat.
1394 781 1472 853 Etsi
1497 785 1617 876 plures
1634 811 1774 857 caussae
1788 803 1872 858 sunt
1888 812 2049 858 errorum
2066 801 2100 860 et
2116 790 2272 858 dolorum

360 889 524 960 Manebis
543 888 581 956 in
596 886 690 972 Deo,
714 899 749 956 et
764 885 860 956 Deus
879 887 945 958 erit
959 887 997 956 in
1013 903 1152 978 pectore
1169 901 1242 973 tuo,
1294 884 1332 952 in
1349 881 1525 972 Ecclesia,
1549 903 1666 958 tamen
1689 883 1774 958 haec
1795 913 1869 958 non
1894 903 2068 980 postrema
2089 903 2161 970 est,
2187 892 2274 984 quod

257 993 488 1086 gubernabit,
511 989 703 1072 custodiet,
728 1003 762 1058 et
784 989 942 1059 servabit
957 1005 1007 1069 te,
1033 991 1063 1058 si
1081 991 1149 1082 piis
1163 991 1243 1058 oib-
1295 987 1441 1078 plurimi
1460 989 1634 1059 Doctores
1659 1003 1693 1061 et
1718 990 1906 1082 scriptores
1923 993 1959 1060 in
1975 993 2191 1086 quibusdam
2207 1017 2274 1060 ma-

258 1097 321 1168 ciis
335 1117 557 1164 communem
575 1091 861 1160 coniunctionem
878 1091 1046 1162 tucheris.
1097 1089 1243 1162 Deseret
1293 1088 1391 1158 teriis
1407 1113 1603 1159 sermonem
1621 1093 1783 1162 divinum
1801 1115 1874 1162 non
1889 1093 2163 1178 intellexerunt,
2190 1097 2274 1164 etde

257 1211 374 1268 autem
397 1210 448 1280 te,
475 1207 509 1264 et
530 1189 752 1262 horribiliter
775 1193 916 1284 puniet,
942 1193 972 1261 si
990 1193 1067 1262 sine
1083 1217 1242 1262 necessa·
1294 1185 1351 1258 his
1372 1205 1489 1294 postea
1514 1193 1708 1286 improprie
1732 1195 1843 1264 locuti
1867 1207 1961 1269 sunt.
2020 1193 2113 1266 Cum
2137 1196 2275 1284 igitnra

257 1301 320 1369 riis
332 1295 460 1368 caussis
474 1319 549 1364 eam
564 1293 784 1372 dilacerabis,
812 1294 903 1364 sicut
917 1308 950 1363 et
963 1293 1094 1364 Paulus
1108 1295 1242 1387 inquit:
1293 1291 1453 1362 fontibus
1473 1293 1729 1382 discessissent,
1763 1309 1799 1367 et
1814 1292 2004 1380 Doctores,
2035 1311 2070 1368 et
2091 1299 2276 1384 auditores,

256 1395 335 1496 Qui
356 1397 547 1469 conturbat
572 1419 651 1483 ros,
692 1389 868 1464 iudicium
885 1393 1050 1494 portabit
1073 1394 1243 1496 quisquis
1295 1392 1421 1485 partim
1437 1419 1478 1464 ex
1492 1396 1628 1465 ratione
1644 1392 1818 1482 humana,
1843 1399 1971 1490 partim
1987 1423 2029 1468 ex
2043 1425 2145 1469 caeca
2161 1423 2276 1491 super-

257 1509 319 1572 εει,
1181 1581 1185 1590 ⁸
1294 1496 1457 1576 stitione,
1489 1498 1596 1566 talsae
1618 1499 1804 1590 opiniones
1825 1513 1929 1570 natae
1950 1516 2052 1581 sunt,
2087 1516 2122 1572 et
2143 1515 2275 1592 recepta

357 1601 440 1673 Dixi
456 1603 499 1671 de
517 1597 585 1684 his,
610 1599 672 1694 qui
688 1599 894 1680 ambitione,
920 1613 982 1670 aut
999 1599 1090 1668 odiis
1105 1599 1241 1670 incitati
1293 1621 1333 1668 ac
1356 1599 1509 1667 stabilita
1527 1595 1712 1668 horribilia
1730 1601 1837 1674 idola.

255 1707 527 1778 tumultuantur.
573 1702 736 1772 Tertium
752 1723 862 1791 genus
878 1715 927 1772 est
941 1701 1058 1770 minus
1073 1703 1242 1788 sanabile,
1396 1697 1559 1787 Quantae
1580 1704 1744 1772 tenebrae
1765 1705 1911 1773 fuerunt
1925 1705 1970 1770 de
1985 1702 2218 1772 distinctione
2232 1705 2277 1772 le-

255 1808 308 1878 illi
325 1807 506 1886 videlicet,
533 1805 594 1898 qui
610 1829 683 1874 raon
699 1807 743 1874 de
759 1825 866 1892 regno
883 1803 1050 1872 dimicare
1066 1805 1242 1892 videntur,
1293 1801 1345 1891 gis
1374 1815 1408 1871 et
1431 1799 1635 1890 Evangelii,
1674 1805 1809 1895 politici
1840 1804 1999 1895 imperii,
2032 1819 2067 1874 et
2092 1803 2277 1892 Ecclesiae,

254 1925 316 1981 aut
337 1909 461 1978 dolore
483 1907 603 2000 aliquo
624 1906 758 1975 incensi
781 1919 880 1990 sunt,
913 1907 972 1975 sed
998 1919 1116 1976 tamen
1139 1920 1241 1996 petu-
1293 1903 1537 1992 promissionis
1567 1905 1719 1992 gratiae,
1757 1920 1791 1977 et
1813 1907 2088 1997 promissionum
2114 1932 2277 1999 corpora-

254 2011 364 2081 lantia
389 2009 637 2098 ingeniorum,
667 2021 727 2078 aut
752 2021 898 2077 naturae
919 2008 1148 2103 perversitate
1166 2032 1241 2076 cer·
1292 2003 1407 2098 lium?
1458 2003 1625 2077 Mutilata
1639 2008 1846 2098 significatio
1862 2008 2181 2098 nominispecceti‚
2206 2035 2277 2080 cor-

255 2115 386 2184 tamina
401 2125 554 2182 movent.

357 2213 463 2282 'l'ales
484 2213 590 2281 luisse
615 2234 736 2280 recens
752 2209 956 2296 Servetum,
991 2209 1240 2282 Sebastianum

253 2315 451 2393 Francum,
481 2314 686 2406 scriptorem
706 2311 990 2396 Paradoxorum‚
1016 2312 1240 2383 Lauterwal·

254 2423 339 2488 dum
355 2415 527 2489 existimo.
578 2411 626 2485 Et
638 2415 743 2484 talem
756 2411 875 2484 arllruc
893 2439 966 2484 esse
983 2411 1238 2485 Thammerum

254 2517 462 2608 Mogontiae
490 2517 626 2600 iudico,
668 2515 731 2610 qui
753 2512 938 2606 Evangelii
966 2518 1163 2587 doctrinam
1195 2520 1240 2586 de

253 2623 327 2691 filio
344 2619 413 2690 Dei
430 2619 469 2688 in
489 2613 660 2688 Ethnicas
680 2617 865 2708 allegorias
887 2620 1135 2700 transformat,
1159 2643 1239 2710 per-

253 2724 338 2792 inde
361 2746 401 2792 ac
423 2721 454 2789 si
474 2717 671 2790 Hesiodum
695 2719 997 2810 interpretaretur.
1060 2717 1241 2790 Adversus

253 2825 341 2896 tales
363 2825 515 2908 furores,
547 2821 608 2914 qui
629 2821 812 2890 manifeste
832 2834 917 2893 sunt
939 2821 1126 2907 diabolici,
1159 2847 1241 2891 mu-

154 2969 158 2986 ·
254 2927 393 2995 niamus
417 2948 499 3006 nos,
534 2938 567 2993 et
588 2925 739 2994 lectione
763 2923 968 2993 divinorum
988 2923 1180 3010 librorum,
1207 2939 1239 2993 et

254 3027 392 3098 ardenti
424 3026 639 3117 precatione,
684 3037 718 3096 et
741 3025 892 3094 sciamus
914 3021 1089 3095 humanae
1109 3027 1239 3096 rationi

254 3130 514 3199 anteferendam
532 3151 605 3196 esse
621 3151 741 3196 vocem
760 3127 937 3213 divinam,
960 3128 1050 3197 sicut
1067 3127 1165 3198 iubet
1182 3155 1239 3196 ae-

254 3245 375 3300 ternus
394 3243 508 3321 pater:
546 3225 620 3297 Hic
642 3236 693 3298 est
703 3221 818 3318 filius
833 3251 933 3298 meus
947 3223 1119 3314 dilectus,
1143 3221 1241 3297 hunc

253 3326 392 3405 audite.
442 3327 490 3400 Et
506 3327 638 3399 Paulus
661 3331 737 3398 vult
760 3343 896 3399 mentes
911 3327 1106 3419 Evangelio
1130 3331 1241 3420 capti-

254 3459 316 3504 vas
332 3432 425 3517 beri,
452 3433 501 3502 sic
517 3443 557 3502 ut
572 3431 740 3500 obediant
754 3425 908 3505 Christo.
960 3429 1042 3500 Non
1060 3431 1167 3520 igitur
1182 3434 1238 3502 lu-

254 3539 340 3606 dant
362 3533 503 3624 ingenia
527 3533 701 3624 fingendis
716 3531 967 3621 opinionibus,
993 3547 1029 3604 et
1046 3535 1093 3625 pii
1111 3535 1238 3624 guber-

254 3653 395 3709 natores
420 3639 587 3706 adversus
611 3635 709 3706 illam
732 3632 963 3724 Gigantaeam
985 3636 1169 3706 audaciam
1185 3659 1239 3706 se-

254 3739 399 3809 veritate
413 3750 571 3808 utantur.

355 3837 409 3911 De
432 3834 489 3909 his
511 3837 672 3908 maximis
693 3839 799 3909 rebus
820 3841 932 3912 multo
950 3839 1051 3930 plura
1068 3840 1138 3908 dici
1156 3864 1235 3932 pos·

253 3955 351 4029 sent,
376 3945 435 4012 sed
461 3935 548 4011 haec
570 3941 729 4033 quotidie
750 3941 800 4032 pii
816 3965 939 4012 omnes
952 3942 1125 4030 cogitant,
1150 3967 1237 4035 qua-

254 4045 304 4116 les
318 4067 380 4114 vos
396 4065 518 4114 omnes
534 4065 625 4122 esse,
650 4041 713 4135 qrri
729 4037 798 4111 huc
814 4043 1040 4132 convenistis,
1066 4043 1237 4116 existimo.

255 4145 339 4217 ldeo
371 4168 493 4216 sumus
520 4145 675 4215 contenti
699 4139 764 4214 hac
788 4145 887 4214 brevi
908 4145 1170 4226 admonitione,
1204 4159 1237 4215 et

1293 2119 1395 2196 rupta
1414 2107 1556 2195 gratiae,
1581 2108 1676 2192 fidei,
1701 2110 1971 2193 iustificationis,
1996 2111 2172 2190 sacrificii,
2199 2137 2277 2202 poe-

1293 2208 1480 2292 nitentiae,
1506 2209 1610 2278 valde
1631 2213 1814 2281 obscurata
1830 2205 2038 2310 τοῦλόγου.
2091 2210 2166 2282 Sed
2184 2216 2278 2284 vobis

1293 2310 1450 2401 exempla
1467 2333 1542 2379 non
1559 2325 1641 2381 sum
1659 2314 1789 2400 ignota.

1395 2409 1552 2482 Instituit
1570 2429 1686 2482 autern
1706 2415 1779 2506 ipse
1797 2407 1905 2512 λόγος
1925 2415 2020 2486 lilius
2034 2415 2103 2486 Dei
2120 2417 2278 2487 ministe-

1292 2513 1385 2582 rium
1417 2513 1587 2599 docendi,
1621 2539 1693 2583 non
1727 2531 1767 2586 ut
1793 2516 1963 2587 Doctores
1995 2543 2088 2588 nova
2117 2522 2279 2608 dogmate

1293 2617 1456 2705 gignant,
1482 2617 1542 2684 scd
1561 2631 1599 2688 ut
1615 2616 1686 2686 sint
1703 2617 1867 2708 discipuli
1884 2616 1967 2703 Dei,
1995 2635 2029 2690 et
2043 2624 2210 2689 custodes
2227 2622 2279 2688 di-

1293 2719 1368 2786 vini
1389 2718 1579 2802 sermonis,
1614 2731 1647 2788 et
1670 2743 1749 2787 cum
1776 2721 1952 2810 perierant
1966 2723 2011 2790 ad
2028 2723 2204 2812 populum
2220 2747 2280 2792 ceu

1293 2819 1415 2908 legati,
1441 2819 1569 2910 quibus
1584 2827 1747 2891 mandata
1763 2826 1895 2890 dantur
1909 2824 2134 2912 praescriptis
2151 2826 2279 2906 verbis,

1291 2935 1331 2990 ut
1348 2919 1479 2990 Paulus
1495 2921 1622 3014 inquit,
1646 2916 1739 3016 ὑπὲρ
1759 2917 2197 3017 χριοτοῦπρεσβεύομεν.
2232 2925 2277 2994 Ηί
2328 2907 2329 3000 l

1292 3045 1371 3092 cum
1400 3023 1533 3114 populo
1562 3024 1668 3092 verba
1691 3025 1861 3093 sermonis
1887 3027 2001 3095 divini
2025 3043 2215 3109 enarrant,
2248 3041 2278 3096 et
2328 3065 2329 3086 r

1292 3124 1418 3192 ordine
1443 3125 1617 3209 membra,
1650 3139 1692 3210 ut,
1711 3126 1750 3197 ht
1773 3127 1812 3195 in
1836 3129 2016 3209 docendo,
2048 3129 2280 3212 distribuunt,
2328 3163 2329 3168 ¹

1292 3227 1435 3294 videant
1462 3242 1501 3296 ut
1521 3241 1692 3316 congruat
1714 3229 1829 3298 oratio
1853 3254 1933 3298 cum
1957 3229 2079 3300 divina
2103 3233 2281 3314 doctriua,
2328 3215 2329 3266 Ὗ

1291 3349 1356 3396 nec
1379 3327 1476 3397 aliud
1497 3350 1575 3418 pes,
1602 3329 1700 3398 aliud
1716 3325 1860 3424 cythara
1873 3345 1995 3420 sonet,
2023 3344 2064 3401 ut
2079 3333 2170 3401 olim
2188 3335 2280 3401 dice·
2328 3343 2329 3374 ³

1292 3429 1405 3498 batur.
1458 3427 1556 3517 Quid
1577 3429 1759 3520 indignius
1773 3445 1840 3516 est,
1866 3457 1971 3525 quam
1987 3445 2079 3501 stare
2093 3436 2279 3504 docentem
2328 3449 2329 3500 t

1291 3531 1329 3598 in
1343 3533 1425 3600 sede
1439 3531 1504 3599 filii
1520 3531 1612 3617 Dei,
1630 3547 1663 3602 et
1677 3535 1854 3603 contraria
1867 3534 2042 3604 mandatis
2058 3536 2198 3620 dicere,
2224 3547 2281 3604 aut
2328 3529 2329 3600 j

1292 3633 1388 3702 velut
1404 3631 1558 3702 Mimum
1581 3634 1618 3702 iu
1644 3657 1746 3704 scena
1770 3635 1893 3706 ludere
1919 3637 2112 3706 verborum
2129 3638 2279 3720 cleliciis,

1290 3757 1329 3802 ac
1344 3735 1486 3824 plausus
1502 3735 1739 3806 multitudinis
1755 3738 1918 3828 captare?
1968 3735 2022 3808 Sit
2040 3739 2151 3826 igitur
2167 3739 2281 3808 oratio

1290 3835 1449 3904 docentis
1483 3860 1679 3924 congruens
1704 3839 1847 3907 divinae
1871 3841 1968 3922 voci,
2006 3842 2171 3931 propria,
2202 3867 2283 3932 per-

1290 3938 1428 4027 spicua,
1452 3937 1527 4006 siue
1545 3941 1791 4030 ambiguitate,
1818 3945 2033 4026 verecunda,
2060 3943 2169 4033 plena
2190 3944 2283 4012 veris
2328 3949 2329 3952 ’

1289 4039 1486 4110 doloribus.

1389 4136 1468 4210 Sed
1487 4139 1664 4211 obiiciunt
1686 4139 1768 4228 iiii,
1794 4165 1861 4210 nos
1874 4140 1978 4238 serre
1996 4139 2092 4237 leges
2106 4143 2284 4242 impossi-

252 4247 366 4318 filium
387 4245 471 4332 Dei,
503 4244 698 4317 Dominum
718 4260 879 4316 nostrum
904 4243 1018 4315 Iesum
1044 4241 1237 4326 Christum,
1287 4239 1397 4324 biles,
1431 4241 1520 4339 quio
1543 4267 1646 4312 nemo
1667 4243 1715 4314 sit
1739 4253 1816 4313 tum
1839 4237 2017 4324 disertus,
2045 4255 2083 4312 ut
2109 4271 2187 4314 non
2206 4243 2284 4314 uli-
2328 4273 2329 4338 p

254 4341 367 4448 λόγον
382 4345 446 4420 καὶ
458 4342 583 4421 εἰκόνα
599 4345 723 4421 ettam
737 4342 863 4420 ἀϊδίου
878 4341 1028 4438 πατρὸς,
1056 4350 1235 4416 custodem
1287 4337 1440 4442 petendo
1463 4343 1634 4438 anthigue
1657 4343 1842 4444 loquutur.
1901 4339 1940 4414 T
1934 4343 2187 4441 yronnidenu
2224 4347 2283 4415 in·
2328 4435 2329 4442 ἵ

253 4447 430 4522 Ecclesiae
459 4473 565 4538 suae,
598 4475 739 4521 oramus
761 4465 801 4521 ut
824 4473 889 4520 nos
910 4474 1034 4519 omnes
1052 4451 1175 4520 doceat
1196 4475 1236 4519 ac
1287 4443 1432 4546 quiunt,
1459 4441 1765 4520 inGrnmmuticu
1779 4447 1959 4533 coercetis,
1976 4446 2013 4517 si
2025 4447 2139 4518 ruitis
2156 4473 2283 4518 omnes

252 4555 444 4644 gubernet,
478 4564 515 4622 ct
535 4552 694 4622 omnium
719 4566 856 4644 pectora
872 4551 1009 4644 Spiritu
1030 4577 1094 4622 suo
1116 4567 1236 4624 sancto
1289 4547 1415 4618 vestris
1434 4546 1549 4618 uerbis
1563 4557 1595 4617 ct
1608 4547 1771 4644 syllabis
1790 4548 1854 4618 uti.
1906 4551 1963 4620 Aa
1982 4547 2284 4642 haecresponcle·
2328 4559 2329 4572 ¹

252 4657 297 4726 ad
311 4677 429 4724 veram
444 4651 511 4725 Dei
525 4653 795 4734 invocationem,
821 4669 856 4726 et
870 4653 1153 4744 adtretinendam
1169 4679 1238 4748 pu·
1287 4673 1384 4735 mres,
1410 4650 1484 4720 eius
1500 4651 1703 4740 diligentiae
1716 4653 1862 4720 modum
1881 4655 2057 4746 quendam
2073 4677 2161 4721 esse.
2199 4653 2283 4723 Pri-

251 4757 382 4828 blicam
397 4755 623 4827 concordiam
641 4755 767 4824 flectat.
1287 4775 1403 4832 mum,
1435 4765 1552 4842 aperte
1575 4753 1678 4838 falsa,
1711 4754 1773 4823 ubi
1794 4769 1947 4838 constat,
1981 4777 2054 4823 raon
2079 4756 2124 4822 de
2148 4756 2283 4838 verbis,

354 4855 567 4951 Quanquam
604 4871 720 4928 autem
754 4877 934 4947 speramus
965 4857 1066 4926 vobis
1097 4859 1235 4948 placere
1286 4855 1346 4922 scd
1361 4855 1405 4921 de
1421 4853 1525 4922 rebus
1541 4853 1796 4924 dissensionem
1813 4879 1903 4940 esse,
1930 4857 2040 4926 vitare
2054 4881 2200 4928 necesse
2220 4870 2283 4940 est,

251 4955 319 5032 hoc
341 4975 502 5031 nostrum
525 4959 730 5043 currulium,
757 4959 852 5050 quod
872 4958 1131 5048 propositiones
1146 4960 1235 5044 illas,
1286 4967 1325 5024 ut
1352 4954 1389 5022 iu
1418 4950 1473 5023 his
1499 4957 1747 5026 controversiis
1772 4957 1857 5026 salsa
1883 4971 1916 5027 et
1937 4971 2135 5026 monstrosa
2162 4959 2281 5028 oratio

251 5087 338 5158 quas
362 5061 572 5140 taxavimus,
602 5085 675 5130 non
691 5061 856 5130 volumus
872 5059 909 5127 in
927 5059 1158 5128 concionibus
1172 5063 1234 5128 de-
1285 5071 1357 5150 est,
1392 5079 1472 5126 cum
1497 5058 1643 5128 dicitur:
1676 5049 1869 5128 Christum
1889 5076 1954 5150 per
1975 5053 2145 5128 accidens
2169 5059 2283 5129 iusti-

250 5165 365 5247 lendi,
388 5177 448 5234 ant
464 5163 593 5232 fucosis
609 5162 962 5256 interpretationibus
977 5161 1146 5246 excusari,
1172 5164 1230 5232 sed
1272 5151 1403 5253 ficare.
1443 5155 1582 5245 sQuam
1608 5161 1792 5229 insulsum
1806 5175 1875 5242 est,
1907 5163 2002 5254 quod
2028 5161 2282 5232 definitionem

250 5267 381 5336 omitti:
413 5281 532 5336 tamen
547 5264 629 5358 quia
643 5265 828 5348 audimus,
853 5265 1063 5358 quibusdam
1082 5259 1148 5334 hoc
1165 5289 1231 5334 no·
1283 5263 1427 5354 quidam
1450 5262 1611 5331 tradidit:
1648 5259 1783 5332 lustitia
1806 5263 1978 5352 significat
2002 5259 2207 5350 Etombleit,
2241 5277 2283 5332 ut

250 5373 359 5432 strum
381 5367 569 5437 consilium
591 5365 705 5437 videri
728 5366 873 5452 durius,
902 5365 964 5460 qui
984 5366 1128 5454 dicunt,
1156 5391 1231 5436 arn-
1254 5337 1452 5448 l'diciruus,
1489 5363 1543 5432 vir
1564 5363 1701 5450 iustus,
1732 5379 1785 5436 est
1809 5365 1864 5434 vir
1889 5367 2024 5449 bonus,
2057 5389 2216 5460 aequus,
2245 5379 2280 5434 et
