4682 5822
233 255 311 330 sss
788 167 1253 313 'netsroaaeuu
1301 223 1520 308 ctaxu
1571 219 1726 308 esst·
1806 265 1814 276 -
2199 222 2270 304 su

242 448 332 526 qrrae
355 443 459 494 verae
482 415 665 490 doctrinae
685 411 799 484 forma
817 422 854 482 et
868 399 1231 480 immutatestimonia
1249 399 1261 458 l
1281 401 1442 476 omnium
1467 413 1668 494 temporum
1689 399 1836 482 mnndi,
1867 399 1955 478 inde
1977 424 2134 498 unques
2158 399 2271 494 μω

241 529 369 603 tradita
391 526 481 604 siut,
507 521 571 616 qui
593 514 736 588 refutati
758 514 831 584 sint
847 534 993 584 errores.
1045 507 1165 601 Atque
1181 505 1230 576 ita
1281 527 1401 578 rerum
1432 506 1629 588 creatione,
1659 528 1765 600 quam
1795 505 1918 576 recitat
1938 503 2116 577 Historia
2146 504 2271 575 mdiu

242 657 279 704 *θ
304 637 531 723 Pfflpflressl,
558 635 598 692 ¹¹²
622 618 775 709 tssgllent
790 614 992 705 Principem
1006 611 1106 702 pium
1123 629 1231 699 opor·
1282 607 1479 692 Ecclesiae,
1516 630 1629 702 usque
1661 609 1705 677 ad
1739 603 1832 678 hanc
1855 621 2014 679 nostram
2038 619 2211 690 aetatem,
2241 617 2272 674 et
2336 657 2337 712 ,

241 750 316 808 tere
340 731 497 804 ludiccm
522 748 596 792 esse
611 734 789 792 tantarum
807 741 945 796 rerum,
977 714 1059 807 quia
1079 710 1231 782 subinde
1282 710 1495 780 conferenda
1513 723 1595 780 suut
1613 705 1719 780 liuius
1733 710 1855 780 aetatis
1871 712 2064 780 certamina
2081 711 2129 780 ad
2144 723 2273 780 vetera.
2336 721 2337 740 ¹

242 833 435 910 certamina
451 829 592 920 piorum
607 822 736 893 similia
753 830 949 889 moventur.
986 815 1069 884 ldeo
1085 827 1118 882 et
1134 811 1231 882 Deus
1282 811 1549 884 Considerauda
1571 825 1623 882 est
1643 812 1748 882 etiam
1771 813 1879 883 series
1897 808 2217 902 Monarchiarnn,
2243 822 2275 880 ct

242 935 416 1032 praecipit
430 927 543 999 Deul.
565 925 623 996 17.
641 939 680 994 ut
695 921 771 993 Rex
786 919 1034 1011 legatdivinos
1052 917 1173 998 libros,
1198 926 1232 983 et
1284 915 1511 1004 cogitandum
1545 913 1590 984 de
1616 913 1783 1005 periculis
1809 909 1916 984 huius
1940 916 2090 985 ultimae
2115 926 2276 983 senectae
2336 917 2337 976 3

245 1043 296 1112 eis
310 1039 546 1126 obtemperet,
571 1041 606 1097 st
618 1028 665 1097 sit
677 1037 792 1094 custos
808 1023 884 1092 eius
901 1020 1102 1104 doctrinae,
1127 1040 1172 1084 ne
1187 1017 1232 1084 ab
1283 1015 1433 1100 mundi,
1458 1014 1496 1084 in
1513 1039 1582 1108 qua
1597 1039 1677 1086 cum
1696 1029 1854 1086 crescant
1868 1017 2114 1103 confusiones,
2139 1014 2276 1084 maiore
2336 1019 2337 1090 ζ

243 1144 321 1214 ullo
342 1149 517 1218 mutetur,
546 1153 635 1199 neve
656 1125 874 1216 corruptelae
897 1124 1124 1192 misceantur.
1185 1114 1234 1186 Et
1285 1143 1366 1190 cura
1384 1115 1568 1208 Principes
1589 1117 1636 1186 ita
1661 1113 2014 1205 foveantEcclesias,
2038 1119 2143 1189 ntad
2156 1129 2278 1209 poste·
2336 1091 2337 1140 t

245 1234 382 1314 David
408 1236 603 1306 moriturus
633 1227 852 1299 severissime
873 1225 946 1294 lilio
970 1219 1161 1316 praecipit,
1192 1231 1234 1290 nt
1284 1243 1342 1290 ros
1364 1231 1639 1300 conserventur,
1667 1243 1714 1288 ne
1734 1221 1820 1288 tales
1844 1222 2010 1290 tenebrae
2021 1234 2221 1314 sequantur
2238 1217 2276 1285 in

244 1345 350 1436 Legis
366 1339 506 1412 ‘filinae
521 1347 638 1404 ⁰¹¹⁵l⁰⁸
654 1331 710 1401 Sli-
950 1409 958 1420 ,
1284 1317 1340 1391 bis
1361 1321 1584 1412 regionibus,
1611 1321 1731 1414 quales
1751 1345 1848 1390 nunc
1871 1335 1957 1392 sunt
1977 1323 2016 1392 in
2031 1345 2160 1413 magna
2179 1333 2277 1412 parte

347 1439 505 1533 Legendi
527 1447 610 1504 sunt
633 1433 742 1522 igitur
766 1427 849 1498 libri
866 1419 1070 1518 Prophetici
1087 1438 1121 1494 et
1134 1419 1234 1516 Apo·
1285 1423 1382 1492 orbis
1401 1437 1595 1509 terrarum,
1620 1423 1659 1490 in
1676 1417 1791 1504 Asia,
1816 1421 1973 1522 Africa,
2000 1437 2034 1494 et
2050 1423 2178 1494 multis
2193 1418 2278 1490 Eu-

246 1547 385 1628 stolici,
430 1557 465 1613 et
498 1535 739 1627 cognoscenda
773 1545 824 1602 est
856 1527 1033 1599 Ecclesiae
1062 1525 1234 1611 Historia,
1287 1546 1396 1622 ropac
1418 1525 1590 1616 partibus.
1641 1524 1867 1596 Distribnaut
1887 1527 1993 1596 etiam
2010 1523 2190 1596 Historias
2214 1545 2277 1593 ne-
2336 1559 2337 1606 p

245 1663 420 1747 qtrantum
450 1637 614 1732 cognosci
637 1648 769 1736 potest,
808 1631 973 1702 discenda
997 1645 1031 1702 et
1053 1627 1235 1724 Symbola,
1285 1628 1462 1717 gutiarum
1496 1625 1655 1696 civilium
1689 1627 1728 1696 in
1759 1624 1928 1718 Decalogi
1955 1627 2138 1710 membra,
2176 1641 2213 1698 et
2240 1627 2277 1694 io
2336 1617 2337 1704 l

246 1747 523 1826 considerandae
557 1739 779 1830 singulorum
805 1733 1003 1803 seculorum
1028 1745 1233 1802 controver-
1287 1729 1437 1818 siugulis
1468 1727 1711 1816 considerent,
1742 1753 1831 1822 quae
1862 1731 1952 1800 facta
1987 1730 2060 1801 sint
2091 1729 2280 1811 imitanda,

156 1914 164 1926 .
239 1859 317 1928 ‘siae
342 1866 378 1924 et
400 1846 531 1920 iudicia
555 1842 710 1934 piorum.
759 1833 808 1907 Et
831 1836 914 1928 quia
940 1832 1036 1904 Deus
1058 1833 1137 1902 vult
1161 1855 1234 1901 esse
1286 1856 1375 1926 quae
1389 1829 1576 1919 fugienda,
1600 1830 1663 1899 ubi
1682 1831 1880 1900 testimonia
1900 1833 2118 1902 mandentur
2133 1832 2278 1902 divinae

245 1951 484 2029 ministerium
499 1942 652 2016 docendi
669 1941 706 2008 in
723 1935 901 2021 Ecclesia,
922 1951 966 2006 nt
983 1935 1140 2005 iuniores
1153 1957 1236 2002 eru-
1286 1933 1551 2026 providentiae,
1577 1953 1712 2024 poenae
1727 1945 1760 2001 et
1776 1933 2023 2020 liberationes,
2047 1933 2110 2003 ubi
2127 1933 2279 2004 consilia
2336 1919 2337 1998 l

246 2060 393 2129 diautur
408 2071 570 2123 sermone
586 2053 787 2113 sanctorum
801 2041 987 2119 librorum,
1010 2038 1101 2108 etde
1116 2059 1234 2104 rerum
1287 2035 1553 2127 gubernationis
1581 2047 1828 2126 proponantur
1857 2037 1894 2104 in
1918 2036 2096 2125 fugiendis
2117 2035 2278 2104 dissimi-
2336 2013 2337 2086 l

247 2161 395 2242 ordine,
421 2153 598 2244 sapienter
620 2145 800 2236 eligendae
813 2153 896 2212 suut
909 2140 1047 2232 aliquae
1061 2137 1236 2230 interpre-
1288 2139 1375 2206 lium
1400 2136 1621 2215 foederibus,
1651 2140 1690 2204 iu
1712 2137 1867 2206 vitandis
1890 2139 1995 2207 bellis
2018 2161 2091 2206 non
2115 2161 2278 2206 necessa-

247 2263 397 2336 tationes
418 2253 604 2350 propiores
624 2247 804 2330 sontibus,
831 2267 920 2337 quae
945 2242 984 2309 in
1001 2239 1158 2309 materiis
1171 2239 1237 2308 ob-
1287 2233 1370 2323 riis,
1400 2237 1439 2307 iu
1464 2237 1624 2308 arcendis
1647 2239 1841 2308 seminibus
1864 2240 2144 2332 perniciosarum
2161 2255 2278 2310 muta.
2336 2271 2337 2284 ,

246 2368 360 2437 “ulls
383 2360 556 2430 adiuvent
577 2352 767 2441 ledenleffls
798 2359 833 2420 el
855 2367 1009 2416 ⁵1¹me
1031 2365 1152 2412 rerum
1175 2365 1236 2411 01·-
1288 2343 1448 2425 tionum,
1476 2340 1514 2408 in
1531 2339 1714 2409 retinenda
1731 2341 1982 2412 coniunctione
1996 2366 2074 2412 curn
2092 2343 2278 2411 ordinario
2336 2417 2337 2430 χ

247 2469 332 2540 dine
349 2469 560 2534 ¹⁰⁰¹¹⁵²re¹¹¹¹
1289 2444 1456 2525 d⁰ffll¹¹⁰s
1483 2466 1563 2512 cum
1588 2440 1733 2527 vicinis,
1758 2455 1793 2512 Εἰ
1811 2443 1978 2534 fuglenda
1993 2444 2161 2515 societate
2177 2469 2279 2535 pere·
2336 2471 2337 2512 t

350 2565 496 2637 Necesse
522 2571 576 2629 est
601 2555 711 2648 igitur
732 2565 825 2624 reete
847 2550 980 2620 discere
1003 2539 1239 2617 Grammali-
1289 2547 1491 2636 grinorum,
1523 2541 1586 2638 qui
1612 2555 1749 2615 tantum
1772 2545 1851 2614 ideo
1873 2545 2042 2618 simulam
2063 2569 2100 2615 ,e
2125 2547 2279 2616 moiun,
2336 2559 2337 2616 p

248 2695 309 2744 cen
318 2723 329 2756 ,
356 2659 598 2745 Dinlecticen,
623 2673 659 2727 ct
672 2653 856 2726 Elementa
869 2645 1095 2721 Rhetoricae.
1146 2646 1236 2716 Nam
1290 2649 1442 2718 ctionem
1473 2669 1551 2716 cum
1584 2639 1817 2716 Germanicis
1845 2646 2072 2740 Principibus
2102 2649 2280 2738 adpetere,

248 2776 324 2844 sine
345 2765 401 2838 his
423 2767 558 2837 artibus
583 2765 627 2832 de
644 2782 771 2847 genere
785 2755 975 2838 sermonis,
1000 2767 1034 2822 et
1051 2753 1094 2819 de
1111 2749 1239 2818 diflici-
1291 2750 1373 2842 quia
1405 2747 1606 2817 existimant
1633 2749 1700 2818 sibi
1723 2750 1810 2819 utile
1835 2773 1907 2818 esse
1932 2743 2179 2818 Germaniam
2205 2765 2277 2819 tur·
2336 2803 2337 2818 ,

249 2877 343 2945 libus
367 2863 617 2942 controversiis
641 2885 746 2930 neruo
773 2858 928 2927 iudicare
951 2865 1075 2946 potest.
1129 2848 1175 2920 Et
1200 2863 1240 2919 ut
1293 2855 1385 2922 bare.
1418 2848 1561 2920 Curniu
1578 2845 1634 2918 ltis
1649 2850 1831 2930 doctrinis,
1854 2853 1899 2921 de
1914 2851 2044 2944 quibus
2059 2853 2146 2936 dixi,
2172 2849 2279 2920 Prin.
2336 2843 2337 2852 ’

248 2974 315 3047 ltae
351 2987 443 3043 artes
476 2967 740 3055 intelligantur,
782 2959 973 3028 exercenda
1009 2968 1060 3024 est
1092 2945 1239 3021 Latina
1292 2977 1372 3044 ceps
1394 2975 1431 3021 se
1456 2951 1681 3021 mediocriter
1699 2955 1911 3038 exercuerit,
1937 2955 2042 3022 valde
2063 2957 2209 3046 prodest
2225 2955 2280 3023 di·
2336 3029 2337 3034 ἵ

249 3080 391 3167 lingua,
418 3087 452 3142 et
468 3069 654 3140 lonuanda
674 3065 764 3158 stylo
780 3061 906 3133 oratio.
957 3055 1241 3127 Hiclabureiet
1292 3079 1386 3124 scere
1410 3077 1512 3138 eum,
1544 3065 1578 3122 et
1603 3054 1704 3124 initia
1728 3055 1909 3124 doctrinae
1932 3055 2281 3138 iurisconsultorum,

249 3177 465 3250 necessarius
488 3185 559 3250 est,
585 3169 668 3261 quia
687 3165 870 3254 Principes
888 3185 989 3248 saepe
1008 3181 1086 3227 cum
1107 3169 1239 3225 extera·
1292 3169 1334 3226 nt
1353 3155 1439 3224 sciat
1464 3153 1635 3223 iustitiam
1658 3169 1768 3226 certas
1790 3179 1932 3225 normas
1955 3151 2102 3242 habere,
2128 3183 2279 3250 quarum

247 3307 328 3353 rum
353 3277 510 3371 gentium
535 3269 742 3340 homiuibus
765 3287 890 3334 arcana
916 3259 1092 3353 colloquia
1111 3253 1241 3324 habere
1292 3259 1373 3328 fons
1395 3253 1676 3346 estDecalogus,
1710 3271 1744 3328 et
1771 3259 1900 3327 deinde
1922 3281 2026 3328 ereo
2050 3260 2281 3329 doctrinale-
2336 3249 2337 3314 l

196 3425 198 3428 v
248 3395 388 3476 oportet
416 3382 459 3448 de
483 3373 631 3444 summis
654 3371 780 3452 rebus,
820 3365 881 3435 ubi
908 3363 1050 3452 linguae
1073 3352 1242 3428 Latinae
1294 3383 1376 3450 gum
1393 3370 1548 3428 extructa
1566 3374 1633 3430 est:
1660 3373 1696 3430 et
1711 3360 1895 3430 eximenda
1911 3373 1964 3430 est
1979 3361 2177 3452 perniciosa
2195 3363 2284 3432 ima,
2336 3315 2337 3396 l

248 3509 333 3558 usus
368 3476 582 3574 necessarius
610 3485 673 3544 est.
735 3467 777 3538 ln
804 3481 983 3538 conventu
1010 3455 1242 3546 Coloniensi,
1294 3459 1448 3553 ginatio,
1479 3483 1569 3552 quae
1600 3461 1720 3552 fingit,
1753 3463 1844 3552 leges
1874 3485 1948 3530 esse
1973 3476 2160 3553 potentum
2186 3465 2284 3534 arbi·
2336 3507 2337 3516 η

250 3603 438 3682 postquam
455 3573 618 3651 Carolus
637 3585 825 3644 coronatus
842 3581 926 3652 erat,
952 3567 1034 3636 Dur
1047 3558 1243 3633 Saxoniae
1294 3566 1381 3643 tria,
1404 3561 1480 3630 sine
1499 3561 1600 3631 metis
1615 3563 1760 3648 divinis,
1781 3576 1843 3652 aut
1857 3563 1913 3634 ius
1928 3585 2003 3636 esse
2018 3564 2191 3658 quicquid
2208 3567 2284 3657 pla·

248 3683 484 3762 Fridericus,
525 3681 625 3750 cuius
662 3689 750 3745 tunc
785 3693 922 3742 summa
956 3673 1029 3737 e'rat
1062 3666 1243 3749 autoritas,
1295 3679 1349 3736 cet
1362 3663 1609 3753 Principibus,
1641 3677 1703 3736 aut
1728 3663 1886 3735 iustitiae
1910 3667 2073 3736 ordinem
2096 3665 2284 3756 intelligia

249 3815 352 3883 saepe
368 3785 505 3857 arcanis
520 3777 837 3864 deliberationibus
852 3772 1030 3849 intererat,
1057 3769 1119 3838 nbi
1135 3767 1244 3836 Prin·
1296 3768 1456 3862 quolibet
1470 3766 1546 3833 sine
1562 3767 1722 3838 doctrina
1738 3783 1773 3838 ct
1787 3767 1863 3836 siue
1879 3763 1934 3836 bis
1947 3769 2127 3852 sontibus,
2147 3795 2190 3838 cx
2207 3773 2286 3863 qui.
2336 3811 2337 3856 ,

250 3897 345 3986 cipes
370 3877 664 3962 tantumLaline
686 3877 991 3970 colloquebantur.
1044 3869 1244 3961 Aliquoties
1298 3873 1363 3939 bus
1396 3869 1488 3958 leges
1521 3868 1698 3939 oriuntur.
1757 3865 1907 3940 Prodest
1933 3851 2042 3959 igitui
2066 3869 2285 3961 Decalogum
2336 3857 2337 3946 l

249 3999 360 4086 igitur
392 3994 538 4060 domum
573 4003 751 4061 reversus,
787 3975 997 4047 hortabatur
1023 3969 1179 4042 Comites
1211 3981 1247 4040 et
1297 3971 1473 4062 sapienter
1493 3970 1650 4038 enarrari
1674 3969 1851 4061 Principi,
1891 3983 1927 4039 et
1955 3965 2038 4041 hinc
2062 3973 2145 4041 duci
2169 3974 2287 4064 legum
2336 3967 2337 4018 l

250 4102 338 4172 alios
356 4095 496 4166 nobiles
513 4088 871 4175 viros,ut·rurarent
887 4077 979 4146 lilios
997 4073 1116 4144 doceri
1131 4065 1246 4142 Lati·
1297 4071 1638 4155 demonstrationes,
1678 4085 1712 4141 et
1747 4071 1855 4142 inseri
1889 4071 2020 4142 animis
2046 4067 2140 4143 hanc
2165 4099 2289 4144 veram
2336 4071 2337 4074 ’

247 4207 340 4270 itam
362 4199 541 4286 liugnam,
567 4187 652 4284 quia
670 4207 755 4254 usus
778 4181 854 4251 eius
868 4180 906 4247 in
923 4173 1139 4267 gravissimis
1156 4173 1246 4243 deli·
1298 4174 1528 4258 seutentiam3
1563 4170 1736 4242 iustitiam
1758 4169 1891 4243 habere
1912 4187 2023 4244 metas
2038 4175 2215 4246 divinitus
2230 4203 2289 4246 or·
2336 4155 2337 4162 ἵ

251 4301 495 4372 beratiouibus
513 4289 732 4363 necessarius
752 4295 852 4356 esset.
896 4277 1035 4350 Multae
1051 4277 1155 4347 etiam
1174 4275 1248 4344 dis-
1299 4278 1459 4358 dinatas,
1498 4287 1531 4342 et
1557 4271 1674 4345 Deum
1701 4275 1881 4344 vindicem
1909 4299 1983 4346 esse
2009 4277 2176 4348 audaciae
2204 4304 2290 4349 con-

253 4401 454 4490 putationes
485 4391 752 4465 Ecclesiasticae
786 4401 820 4456 et
851 4383 938 4454 olim
971 4379 1119 4470 scriptae
1152 4389 1248 4462 sunt,
1301 4375 1489 4448 temnentis
1505 4376 1583 4445 illas
1598 4391 1719 4448 metas.
1771 4375 2127 4470 Sicutscriptumest
2144 4375 2292 4449 Esaia,

253 4517 288 4574 et
311 4501 517 4571 scribuntur
539 4493 718 4586 quotidie,
746 4511 897 4584 quarum
919 4483 1091 4576 plurimas
1107 4477 1249 4550 Princi-
1304 4482 1362 4552 10.
1388 4473 1432 4552 V
1427 4499 1469 4546 ae
1493 4469 1574 4563 hie,
1599 4477 1667 4576 ptri
1687 4471 1847 4546 condunt
1870 4474 1966 4572 leges
1987 4475 2045 4548 ini
2070 4505 2158 4568 aas,
2185 4493 2220 4550 et
2235 4481 2291 4550 iu.

254 4625 316 4694 pes
340 4601 429 4672 scire
453 4619 592 4666 necesse
620 4607 681 4662 est.
744 4591 816 4661 Nec
838 4587 1012 4658 Foreuses
1042 4597 1249 4654 controver-
1302 4583 1401 4652 iustu
1428 4573 1590 4664 decreta,
1623 4587 1662 4648 ut
1685 4577 1896 4676 opprimant
1929 4578 1968 4649 in
1993 4503 2132 4651 indicio
2151 4607 2291 4682 paupe-

254 4706 322 4773 sias
348 4702 423 4770 sine
447 4700 568 4786 lingua
589 4686 737 4762 Latina
757 4691 955 4778 intelligere
973 4700 1137 4778 possunt,
1161 4707 1250 4779 qttas
1304 4709 1387 4756 rem.
1427 4677 1478 4750 Ac
1494 4683 1606 4751 bonae
1621 4682 1731 4750 menti
1745 4683 1847 4752 valde
1865 4683 1953 4752 utile
1969 4697 2020 4753 est
2035 4697 2068 4754 et
2083 4685 2292 4764 iucundum,

256 4831 335 4877 curn
359 4803 516 4872 iudicare
545 4798 715 4878 debeant,
741 4791 898 4882 linguam
923 4789 1011 4858 scire
1034 4809 1173 4856 necesse
1189 4799 1250 4858 est.
1304 4785 1501 4872 intelligere
1523 4784 1601 4850 illas
1628 4782 1784 4852 iustitiae
1805 4797 1935 4870 metas,
1968 4797 2002 4856 et
2025 4809 2216 4875 agnoscere
2239 4809 2292 4856 ως

257 4909 378 5000 Quare
402 4901 571 4988 Princeps
604 4899 747 4985 linguae
782 4889 950 4963 Latinos
982 4890 1142 4959 studium
1176 4909 1251 4954 non
1304 4911 1376 4957 esse
1400 4883 1468 4955 Dei
1490 4885 1699 4976 sapientiam
1723 4898 1757 4955 et
1782 4884 1972 4970 iustitiam,
2012 4903 2045 4958 et
2069 4891 2295 4960 considerare

255 5009 406 5083 omittet·
471 5001 609 5069 Vellem
631 5014 746 5069 atatem
771 5009 806 5066 et
831 4987 970 5063 Graece
998 5013 1078 5058 eum
1111 5002 1250 5056 tantum
1306 4986 1537 5082 praesentiam
1555 4984 1642 5071 Dei,
1669 4986 2271 5078 etiaminpoliticagubernatione.

256 5115 413 5194 discere,
441 5119 482 5175 ut
501 5101 678 5172 Historias
697 5093 862 5168 Graecos
880 5107 913 5164 et
933 5093 1015 5162 novi
1033 5089 1253 5160 Testamenti
1407 5085 1504 5158 Utile
1528 5088 1595 5156 erit
1617 5089 1659 5157 ad
1686 5083 1778 5157 hanc
1793 5088 2053 5159 institutionem
2069 5095 2211 5162 tradere
2228 5095 2294 5162 ele.

255 5219 373 5288 fontes
389 5208 586 5294 intelligere
602 5215 728 5295 posset.
782 5199 838 5270 Aa
856 5194 1076 5266 haecomnia
1093 5214 1254 5262 necessa·
1306 5202 1423 5262 menta
1441 5181 1594 5260 Ethtca.
1648 5187 1758 5260 Mane
1781 5179 2099 5282 quotidielegatur
2125 5191 2295 5294 caputia

258 5320 311 5386 ria
330 5331 366 5385 et
385 5309 577 5382 Historiae
595 5303 768 5394 cognitio,
793 5327 860 5394 qcta
878 5301 915 5368 in
932 5297 1142 5390 caprimum
1158 5317 1254 5361 com·
1314 5287 1439 5362 Veteri
1460 5298 1673 5360 testamento
1695 5303 1731 5361 et
1746 5285 1925 5362 Psalmus
1939 5295 2085 5380 ordine,
2112 5310 2148 5368 et
2163 5299 2293 5367 addan-

260 5417 372 5510 plecti
397 5437 518 5482 omncs
536 5406 700 5478 homines
719 5425 791 5471 uon
811 5401 959 5470 stolidos
975 5410 1116 5490 oportet
1130 5395 1256 5465 seriem
1310 5413 1368 5466 tur
1391 5391 1552 5490 precatio
1575 5387 1631 5464 ad
1641 5388 1786 5480 Deum,
1811 5409 1845 5466 et
1862 5393 2076 5488 gratiarnm
2094 5399 2210 5470 actio:
2237 5421 2296 5467 nec

1913 5625 1927 5682 l
