<?xml version="1.0" encoding="UTF-8"?>
<!DOCTYPE html PUBLIC "-//W3C//DTD XHTML 1.0 Transitional//EN"
    "http://www.w3.org/TR/xhtml1/DTD/xhtml1-transitional.dtd">
<html xmlns="http://www.w3.org/1999/xhtml" xml:lang="en" lang="en">
 <head>
  <title>
</title>
<meta http-equiv="Content-Type" content="text/html;charset=utf-8" />
  <meta name='ocr-system' content='tesseract 3.04.00' />
  <meta name='ocr-capabilities' content='ocr_page ocr_carea ocr_par ocr_line ocrx_word'/>
</head>
<body>
  <div class='ocr_page' id='page_1' title='image "./corpusreformato22melagoog/corpusreformato22melagoog_0225.png"; bbox 0 0 4682 5822; ppageno 0'>
   <div class='ocr_carea' id='block_1_1' title="bbox 238 225 313 304">
    <p class='ocr_par' dir='ltr' id='par_1_1' title="bbox 238 225 313 304">
     <span class='ocr_line' id='line_1_1' title="bbox 238 225 313 304; baseline -0.027 0"><span class='ocrx_word' id='word_1_1' title='bbox 238 225 313 304; x_wconf 76' lang='grc'><strong>595</strong></span> 
     </span>
    </p>
   </div>
   <div class='ocr_carea' id='block_1_2' title="bbox 761 203 1701 288">
    <p class='ocr_par' dir='ltr' id='par_1_2' title="bbox 761 203 1701 288">
     <span class='ocr_line' id='line_1_2' title="bbox 761 203 1701 288; baseline -0.003 1"><span class='ocrx_word' id='word_1_2' title='bbox 761 225 767 232; x_wconf 88' lang='grc'><strong>“</strong></span> <span class='ocrx_word' id='word_1_3' title='bbox 807 205 1245 288; x_wconf 65' lang='grc' dir='ltr'><strong>ΕΡῐδΐῡῑιΑΒῦΜ</strong></span> <span class='ocrx_word' id='word_1_4' title='bbox 1268 228 1273 236; x_wconf 84' lang='grc'><strong><em>’</em></strong></span> <span class='ocrx_word' id='word_1_5' title='bbox 1295 203 1409 285; x_wconf 78' lang='lat' dir='ltr'><strong>utu.</strong></span> <span class='ocrx_word' id='word_1_6' title='bbox 1430 203 1516 286; x_wconf 79' lang='grc' dir='ltr'><strong>ΧΗ.</strong></span> <span class='ocrx_word' id='word_1_7' title='bbox 1568 203 1701 287; x_wconf 72' lang='lat' dir='ltr'><strong>lidi.</strong></span> 
     </span>
    </p>
   </div>
   <div class='ocr_carea' id='block_1_3' title="bbox 244 371 2267 472">
    <p class='ocr_par' dir='ltr' id='par_1_3' title="bbox 244 371 2267 472">
     <span class='ocr_line' id='line_1_3' title="bbox 244 371 2267 472; baseline -0.012 0"><span class='ocrx_word' id='word_1_8' title='bbox 244 396 471 472; x_wconf 85' lang='lat' dir='ltr'><strong>interioribus</strong></span> <span class='ocrx_word' id='word_1_9' title='bbox 484 385 626 466; x_wconf 84' lang='lat' dir='ltr'><strong>scholis.</strong></span> <span class='ocrx_word' id='word_1_10' title='bbox 676 383 774 460; x_wconf 87' lang='lat' dir='ltr'><strong>Bene</strong></span> <span class='ocrx_word' id='word_1_11' title='bbox 791 401 826 460; x_wconf 86' lang='lat' dir='ltr'><strong>et</strong></span> <span class='ocrx_word' id='word_1_12' title='bbox 838 385 988 460; x_wconf 82' lang='lat' dir='ltr'><strong>feliciter</strong></span> <span class='ocrx_word' id='word_1_13' title='bbox 1003 385 1082 456; x_wconf 84' lang='lat' dir='ltr'><strong>vale</strong></span> <span class='ocrx_word' id='word_1_14' title='bbox 1099 377 1235 456; x_wconf 72' lang='lat' dir='ltr'><strong>cheris-</strong></span> <span class='ocrx_word' id='word_1_15' title='bbox 1282 373 1363 450; x_wconf 87' lang='lat' dir='ltr'><strong>Dei</strong></span> <span class='ocrx_word' id='word_1_16' title='bbox 1372 385 1434 450; x_wconf 85' lang='lat' dir='ltr'><strong>est.</strong></span> <span class='ocrx_word' id='word_1_17' title='bbox 1465 375 1550 452; x_wconf 81' lang='lat' dir='ltr'><strong>Non</strong></span> <span class='ocrx_word' id='word_1_18' title='bbox 1565 379 1673 472; x_wconf 76' lang='lat' dir='ltr'><strong>igitur</strong></span> <span class='ocrx_word' id='word_1_19' title='bbox 1686 375 1854 454; x_wconf 79' lang='lat' dir='ltr'><strong>homenis</strong></span> <span class='ocrx_word' id='word_1_20' title='bbox 1867 379 2026 452; x_wconf 72' lang='lat' dir='ltr'><strong>esmiliis</strong></span> <span class='ocrx_word' id='word_1_21' title='bbox 2038 371 2267 452; x_wconf 65' lang='lat' dir='ltr'><strong>&amp;masne</strong></span> 
     </span>
    </p>
   </div>
   <div class='ocr_carea' id='block_1_4' title="bbox 245 487 782 584">
    <p class='ocr_par' dir='ltr' id='par_1_4' title="bbox 245 487 782 584">
     <span class='ocr_line' id='line_1_4' title="bbox 245 487 782 584; baseline -0.015 -11"><span class='ocrx_word' id='word_1_22' title='bbox 245 503 331 574; x_wconf 89' lang='lat' dir='ltr'><strong>sime</strong></span> <span class='ocrx_word' id='word_1_23' title='bbox 345 499 464 570; x_wconf 84' lang='lat' dir='ltr'><strong>irater.</strong></span> <span class='ocrx_word' id='word_1_24' title='bbox 512 493 582 568; x_wconf 90' lang='lat' dir='ltr'><strong>Die</strong></span> <span class='ocrx_word' id='word_1_25' title='bbox 597 487 782 584; x_wconf 73' lang='lat' dir='ltr'><strong>Stephani.</strong></span> 
     </span>
    </p>
   </div>
   <div class='ocr_carea' id='block_1_5' title="bbox 1056 889 1207 966">
    <p class='ocr_par' dir='ltr' id='par_1_5' title="bbox 1056 889 1207 966">
     <span class='ocr_line' id='line_1_5' title="bbox 1056 889 1207 966; baseline -0.066 -1"><span class='ocrx_word' id='word_1_26' title='bbox 1056 889 1207 966; x_wconf 66' lang='lat' dir='ltr'><strong>tutta.</strong></span> 
     </span>
    </p>
   </div>
   <div class='ocr_carea' id='block_1_6' title="bbox 1056 981 1229 1016">
    <p class='ocr_par' dir='ltr' id='par_1_6' title="bbox 1056 981 1229 1016">
     <span class='ocr_line' id='line_1_6' title="bbox 1056 981 1229 1016; baseline -0.035 1"><span class='ocrx_word' id='word_1_27' title='bbox 1056 981 1229 1016; x_wconf 52' lang='grc' dir='ltr'><strong>Μ</strong></span> 
     </span>
    </p>
   </div>
   <div class='ocr_carea' id='block_1_7' title="bbox 200 839 444 980">
    <p class='ocr_par' dir='ltr' id='par_1_7' title="bbox 200 839 444 980">
     <span class='ocr_line' id='line_1_7' title="bbox 200 839 444 980; baseline -0.029 1"><span class='ocrx_word' id='word_1_28' title='bbox 200 839 205 846; x_wconf 22' lang='grc' dir='ltr'>Ι</span> <span class='ocrx_word' id='word_1_29' title='bbox 249 905 317 980; x_wconf 77' lang='lat' dir='ltr'><strong>No.</strong></span> <span class='ocrx_word' id='word_1_30' title='bbox 330 899 444 979; x_wconf 88' lang='grc'><strong>5704.</strong></span> 
     </span>
    </p>
   </div>
   <div class='ocr_carea' id='block_1_8' title="bbox 252 999 457 1036">
    <p class='ocr_par' dir='ltr' id='par_1_8' title="bbox 252 999 457 1036">
     <span class='ocr_line' id='line_1_8' title="bbox 252 999 457 1036; baseline 0.005 -2"><span class='ocrx_word' id='word_1_31' title='bbox 252 999 457 1036; x_wconf 55' lang='grc' dir='ltr'><strong>Μ</strong></span> 
     </span>
    </p>
   </div>
   <div class='ocr_carea' id='block_1_9' title="bbox 513 1091 971 1204">
    <p class='ocr_par' dir='ltr' id='par_1_9' title="bbox 513 1091 971 1204">
     <span class='ocr_line' id='line_1_9' title="bbox 513 1091 971 1204; baseline -0.017 -19"><span class='ocrx_word' id='word_1_32' title='bbox 513 1094 577 1186; x_wconf 87' lang='grc' dir='ltr'><strong>Α.</strong></span> <span class='ocrx_word' id='word_1_33' title='bbox 604 1091 971 1204; x_wconf 78' lang='lat' dir='ltr'><strong>ilardenbergio.</strong></span> 
     </span>
    </p>
   </div>
   <div class='ocr_carea' id='block_1_10' title="bbox 318 1289 753 1370">
    <p class='ocr_par' dir='ltr' id='par_1_10' title="bbox 318 1289 753 1370">
     <span class='ocr_line' id='line_1_10' title="bbox 318 1289 753 1370; baseline -0.053 -10"><span class='ocrx_word' id='word_1_34' title='bbox 318 1296 388 1370; x_wconf 64' lang='lat'><strong>801³.</strong></span> <span class='ocrx_word' id='word_1_35' title='bbox 402 1294 435 1354; x_wconf 79' lang='lat' dir='ltr'><strong>sd</strong></span> <span class='ocrx_word' id='word_1_36' title='bbox 451 1291 635 1364; x_wconf 73' lang='lat' dir='ltr'><strong>llsrdenberp.</strong></span> <span class='ocrx_word' id='word_1_37' title='bbox 652 1309 696 1366; x_wconf 83' lang='lat' dir='ltr'><strong>ep.</strong></span> <span class='ocrx_word' id='word_1_38' title='bbox 707 1289 753 1344; x_wconf 72' lang='lat' dir='ltr'><strong>fi2r</strong></span> 
     </span>
    </p>
   </div>
   <div class='ocr_carea' id='block_1_11' title="bbox 425 1471 1058 1570">
    <p class='ocr_par' dir='ltr' id='par_1_11' title="bbox 425 1471 1058 1570">
     <span class='ocr_line' id='line_1_11' title="bbox 425 1471 1058 1570; baseline -0.017 -13"><span class='ocrx_word' id='word_1_39' title='bbox 425 1481 481 1556; x_wconf 91' lang='lat' dir='ltr'><strong>D.</strong></span> <span class='ocrx_word' id='word_1_40' title='bbox 505 1480 700 1556; x_wconf 83' lang='lat' dir='ltr'><strong>Alberto</strong></span> <span class='ocrx_word' id='word_1_41' title='bbox 725 1471 1058 1570; x_wconf 73' lang='lat' dir='ltr'><strong>Hardebergio</strong></span> 
     </span>
    </p>
   </div>
   <div class='ocr_carea' id='block_1_12' title="bbox 144 1639 1233 2454">
    <p class='ocr_par' dir='ltr' id='par_1_12' title="bbox 144 1639 1233 2454">
     <span class='ocr_line' id='line_1_12' title="bbox 248 1639 1232 1730; baseline -0.011 -7"><span class='ocrx_word' id='word_1_42' title='bbox 248 1641 299 1730; x_wconf 85' lang='lat' dir='ltr'><strong>S.</strong></span> <span class='ocrx_word' id='word_1_43' title='bbox 322 1649 368 1722; x_wconf 93' lang='lat' dir='ltr'><strong>D.</strong></span> <span class='ocrx_word' id='word_1_44' title='bbox 417 1648 626 1722; x_wconf 78' lang='lat' dir='ltr'><strong>Reverendo</strong></span> <span class='ocrx_word' id='word_1_45' title='bbox 651 1647 762 1714; x_wconf 91' lang='lat' dir='ltr'><strong>viret</strong></span> <span class='ocrx_word' id='word_1_46' title='bbox 786 1643 961 1712; x_wconf 81' lang='lat' dir='ltr'>carissime</span> <span class='ocrx_word' id='word_1_47' title='bbox 981 1644 1101 1716; x_wconf 87' lang='lat' dir='ltr'><strong>irater.</strong></span> <span class='ocrx_word' id='word_1_48' title='bbox 1150 1639 1232 1712; x_wconf 91' lang='lat' dir='ltr'><strong>Scio</strong></span> 
     </span>
     <span class='ocr_line' id='line_1_13' title="bbox 232 1743 1233 1836; baseline -0.013 -11"><span class='ocrx_word' id='word_1_49' title='bbox 232 1769 284 1828; x_wconf 88' lang='lat' dir='ltr'><strong>&#39;tc</strong></span> <span class='ocrx_word' id='word_1_50' title='bbox 306 1755 420 1823; x_wconf 89' lang='lat' dir='ltr'><strong>virum</strong></span> <span class='ocrx_word' id='word_1_51' title='bbox 443 1751 620 1820; x_wconf 90' lang='lat' dir='ltr'><strong>eruditum</strong></span> <span class='ocrx_word' id='word_1_52' title='bbox 637 1760 672 1817; x_wconf 93' lang='lat' dir='ltr'><strong>et</strong></span> <span class='ocrx_word' id='word_1_53' title='bbox 686 1744 877 1836; x_wconf 84' lang='lat' dir='ltr'>sapientem</span> <span class='ocrx_word' id='word_1_54' title='bbox 897 1744 1005 1814; x_wconf 88' lang='lat' dir='ltr'><strong>multa</strong></span> <span class='ocrx_word' id='word_1_55' title='bbox 1022 1743 1172 1832; x_wconf 79' lang='lat' dir='ltr'><strong>cogitare</strong></span> <span class='ocrx_word' id='word_1_56' title='bbox 1189 1745 1233 1812; x_wconf 92' lang='lat' dir='ltr'><strong>de</strong></span> 
     </span>
     <span class='ocr_line' id='line_1_14' title="bbox 250 1839 1232 1934; baseline -0.013 -8"><span class='ocrx_word' id='word_1_57' title='bbox 250 1853 431 1926; x_wconf 91' lang='lat' dir='ltr'><strong>communi</strong></span> <span class='ocrx_word' id='word_1_58' title='bbox 465 1852 668 1920; x_wconf 83' lang='lat' dir='ltr'><strong>infirmitate</strong></span> <span class='ocrx_word' id='word_1_59' title='bbox 700 1845 838 1934; x_wconf 81' lang='lat' dir='ltr'><strong>generis</strong></span> <span class='ocrx_word' id='word_1_60' title='bbox 869 1839 1037 1928; x_wconf 89' lang='lat' dir='ltr'><strong>humaui,</strong></span> <span class='ocrx_word' id='word_1_61' title='bbox 1072 1858 1103 1912; x_wconf 94' lang='lat' dir='ltr'><strong>et</strong></span> <span class='ocrx_word' id='word_1_62' title='bbox 1130 1867 1232 1914; x_wconf 92' lang='lat' dir='ltr'><strong>nosse</strong></span> 
     </span>
     <span class='ocr_line' id='line_1_15' title="bbox 249 1941 1233 2040; baseline -0.017 -12"><span class='ocrx_word' id='word_1_63' title='bbox 249 1955 534 2028; x_wconf 79' lang='lat' dir='ltr'><strong>consolationum</strong></span> <span class='ocrx_word' id='word_1_64' title='bbox 555 1953 686 2033; x_wconf 78' lang='lat' dir='ltr'><strong>sorites,</strong></span> <span class='ocrx_word' id='word_1_65' title='bbox 712 1971 801 2040; x_wconf 88' lang='lat' dir='ltr'><strong>quae</strong></span> <span class='ocrx_word' id='word_1_66' title='bbox 822 1960 854 2015; x_wconf 92' lang='lat' dir='ltr'><strong>et</strong></span> <span class='ocrx_word' id='word_1_67' title='bbox 875 1945 914 2016; x_wconf 93' lang='lat' dir='ltr'><strong>io</strong></span> <span class='ocrx_word' id='word_1_68' title='bbox 934 1945 1094 2014; x_wconf 85' lang='lat' dir='ltr'><strong>doctrina</strong></span> <span class='ocrx_word' id='word_1_69' title='bbox 1109 1941 1233 2014; x_wconf 82' lang='lat' dir='ltr'><strong>Eccle-</strong></span> 
     </span>
     <span class='ocr_line' id='line_1_16' title="bbox 250 2047 1233 2148; baseline -0.013 -19"><span class='ocrx_word' id='word_1_70' title='bbox 250 2059 324 2130; x_wconf 90' lang='lat' dir='ltr'><strong>siae</strong></span> <span class='ocrx_word' id='word_1_71' title='bbox 345 2066 611 2148; x_wconf 86' lang='lat' dir='ltr'><strong>proponuntur,</strong></span> <span class='ocrx_word' id='word_1_72' title='bbox 645 2065 679 2120; x_wconf 91' lang='lat' dir='ltr'><strong>et</strong></span> <span class='ocrx_word' id='word_1_73' title='bbox 703 2049 742 2116; x_wconf 92' lang='lat' dir='ltr'><strong>in</strong></span> <span class='ocrx_word' id='word_1_74' title='bbox 764 2048 914 2116; x_wconf 88' lang='lat' dir='ltr'><strong>aliorum</strong></span> <span class='ocrx_word' id='word_1_75' title='bbox 939 2047 1135 2137; x_wconf 88' lang='lat' dir='ltr'><strong>sapientum</strong></span> <span class='ocrx_word' id='word_1_76' title='bbox 1157 2069 1233 2116; x_wconf 86' lang='lat' dir='ltr'><strong>ser-</strong></span> 
     </span>
     <span class='ocr_line' id='line_1_17' title="bbox 252 2145 1233 2240; baseline -0.015 -11"><span class='ocrx_word' id='word_1_77' title='bbox 252 2158 428 2230; x_wconf 77' lang='lat' dir='ltr'><strong>monibus.</strong></span> <span class='ocrx_word' id='word_1_78' title='bbox 487 2153 557 2224; x_wconf 91' lang='lat' dir='ltr'><strong>Sed</strong></span> <span class='ocrx_word' id='word_1_79' title='bbox 590 2176 657 2240; x_wconf 72' lang='lat' dir='ltr'><strong>ror</strong></span> <span class='ocrx_word' id='word_1_80' title='bbox 684 2149 805 2219; x_wconf 83' lang='lat' dir='ltr'><strong>divina</strong></span> <span class='ocrx_word' id='word_1_81' title='bbox 832 2149 871 2221; x_wconf 91' lang='lat' dir='ltr'><strong>in</strong></span> <span class='ocrx_word' id='word_1_82' title='bbox 897 2145 1051 2218; x_wconf 80' lang='lat' dir='ltr'><strong>Ecclesia</strong></span> <span class='ocrx_word' id='word_1_83' title='bbox 1078 2147 1233 2218; x_wconf 89' lang='lat' dir='ltr'><strong>ostendit</strong></span> 
     </span>
     <span class='ocr_line' id='line_1_18' title="bbox 250 2245 1233 2353; baseline -0.017 -23"><span class='ocrx_word' id='word_1_84' title='bbox 250 2273 398 2353; x_wconf 59' lang='lat' dir='ltr'><strong>portum,</strong></span> <span class='ocrx_word' id='word_1_85' title='bbox 417 2251 542 2324; x_wconf 88' lang='lat' dir='ltr'><strong>harum</strong></span> <span class='ocrx_word' id='word_1_86' title='bbox 566 2253 803 2333; x_wconf 85' lang='lat' dir='ltr'><strong>miseriarum,</strong></span> <span class='ocrx_word' id='word_1_87' title='bbox 829 2261 869 2319; x_wconf 89' lang='lat' dir='ltr'><strong>ut</strong></span> <span class='ocrx_word' id='word_1_88' title='bbox 887 2251 931 2317; x_wconf 92' lang='lat' dir='ltr'><strong>de</strong></span> <span class='ocrx_word' id='word_1_89' title='bbox 944 2245 1124 2338; x_wconf 89' lang='lat' dir='ltr'><strong>Stephano</strong></span> <span class='ocrx_word' id='word_1_90' title='bbox 1145 2247 1233 2318; x_wconf 89' lang='lat' dir='ltr'><strong>scri-</strong></span> 
     </span>
     <span class='ocr_line' id='line_1_19' title="bbox 144 2349 1232 2454; baseline -0.014 -21"><span class='ocrx_word' id='word_1_91' title='bbox 144 2375 148 2384; x_wconf 83' lang='lat'><em>&#39;</em></span> <span class='ocrx_word' id='word_1_92' title='bbox 250 2375 352 2454; x_wconf 91' lang='lat' dir='ltr'><strong>ptum</strong></span> <span class='ocrx_word' id='word_1_93' title='bbox 376 2371 442 2427; x_wconf 88' lang='lat' dir='ltr'><strong>cst:</strong></span> <span class='ocrx_word' id='word_1_94' title='bbox 474 2353 580 2450; x_wconf 88' lang='lat' dir='ltr'><strong>(Nam</strong></span> <span class='ocrx_word' id='word_1_95' title='bbox 597 2349 689 2422; x_wconf 89' lang='lat' dir='ltr'><strong>hane</strong></span> <span class='ocrx_word' id='word_1_96' title='bbox 703 2351 885 2442; x_wconf 89' lang='lat' dir='ltr'><strong>epistolam</strong></span> <span class='ocrx_word' id='word_1_97' title='bbox 902 2351 983 2420; x_wconf 91' lang='lat' dir='ltr'><strong>dedi</strong></span> <span class='ocrx_word' id='word_1_98' title='bbox 1000 2349 1150 2432; x_wconf 92' lang='lat' dir='ltr'><strong>nuncio,</strong></span> <span class='ocrx_word' id='word_1_99' title='bbox 1174 2349 1232 2418; x_wconf 92' lang='lat' dir='ltr'><strong>die</strong></span> 
     </span>
    </p>
   </div>
   <div class='ocr_carea' id='block_1_13' title="bbox 250 2444 1231 2552">
    <p class='ocr_par' dir='ltr' id='par_1_13' title="bbox 250 2444 1231 2552">
     <span class='ocr_line' id='line_1_20' title="bbox 250 2444 1231 2552; baseline -0.016 -18"><span class='ocrx_word' id='word_1_100' title='bbox 250 2455 440 2552; x_wconf 88' lang='lat' dir='ltr'><strong>Stephani)</strong></span> <span class='ocrx_word' id='word_1_101' title='bbox 469 2453 557 2544; x_wconf 80' lang='lat' dir='ltr'><strong>Ibat</strong></span> <span class='ocrx_word' id='word_1_102' title='bbox 581 2478 695 2522; x_wconf 83' lang='lat' dir='ltr'><strong>ovans</strong></span> <span class='ocrx_word' id='word_1_103' title='bbox 717 2448 857 2521; x_wconf 87' lang='lat' dir='ltr'><strong>animis</strong></span> <span class='ocrx_word' id='word_1_104' title='bbox 878 2459 909 2521; x_wconf 88' lang='lat' dir='ltr'><strong>et</strong></span> <span class='ocrx_word' id='word_1_105' title='bbox 925 2474 987 2548; x_wconf 88' lang='lat' dir='ltr'><strong>spe</strong></span> <span class='ocrx_word' id='word_1_106' title='bbox 1002 2475 1072 2519; x_wconf 87' lang='lat' dir='ltr'><strong>sua</strong></span> <span class='ocrx_word' id='word_1_107' title='bbox 1090 2444 1231 2518; x_wconf 72' lang='lat' dir='ltr'><strong>domm</strong></span> 
     </span>
    </p>
   </div>
   <div class='ocr_carea' id='block_1_14' title="bbox 251 2551 1479 2676">
    <p class='ocr_par' dir='ltr' id='par_1_14' title="bbox 251 2551 1479 2676">
     <span class='ocr_line' id='line_1_21' title="bbox 251 2551 1479 2676; baseline -0.004 -45"><span class='ocrx_word' id='word_1_108' title='bbox 251 2557 410 2632; x_wconf 79' lang='lat' dir='ltr'><strong>levabat.</strong></span> <span class='ocrx_word' id='word_1_109' title='bbox 459 2555 549 2628; x_wconf 90' lang='lat' dir='ltr'><strong>Cum</strong></span> <span class='ocrx_word' id='word_1_110' title='bbox 572 2555 680 2644; x_wconf 83' lang='lat' dir='ltr'><strong>igitur</strong></span> <span class='ocrx_word' id='word_1_111' title='bbox 701 2555 883 2646; x_wconf 87' lang='lat' dir='ltr'><strong>aliquanto</strong></span> <span class='ocrx_word' id='word_1_112' title='bbox 908 2567 987 2642; x_wconf 90' lang='lat' dir='ltr'><strong>post</strong></span> <span class='ocrx_word' id='word_1_113' title='bbox 1007 2553 1046 2620; x_wconf 92' lang='lat' dir='ltr'><strong>in</strong></span> <span class='ocrx_word' id='word_1_114' title='bbox 1067 2553 1145 2620; x_wconf 87' lang='lat' dir='ltr'><strong>lnce</strong></span> <span class='ocrx_word' id='word_1_115' title='bbox 1161 2551 1232 2620; x_wconf 89' lang='lat' dir='ltr'><strong>cla·</strong></span> <span class='ocrx_word' id='word_1_116' title='bbox 1282 2601 1348 2675; x_wconf 48' lang='lat' dir='ltr'><strong>No·</strong></span> <span class='ocrx_word' id='word_1_117' title='bbox 1364 2600 1479 2676; x_wconf 46' lang='lat'><strong>5706·</strong></span> 
     </span>
    </p>
   </div>
   <div class='ocr_carea' id='block_1_15' title="bbox 251 2650 1462 2734">
    <p class='ocr_par' dir='ltr' id='par_1_15' title="bbox 251 2650 1462 2734">
     <span class='ocr_line' id='line_1_22' title="bbox 251 2650 1462 2734; baseline -0.015 0"><span class='ocrx_word' id='word_1_118' title='bbox 251 2663 389 2734; x_wconf 83' lang='lat' dir='ltr'><strong>tissima</strong></span> <span class='ocrx_word' id='word_1_119' title='bbox 415 2659 527 2730; x_wconf 90' lang='lat' dir='ltr'><strong>Deum</strong></span> <span class='ocrx_word' id='word_1_120' title='bbox 552 2670 586 2725; x_wconf 92' lang='lat' dir='ltr'><strong>et</strong></span> <span class='ocrx_word' id='word_1_121' title='bbox 607 2657 719 2725; x_wconf 88' lang='lat' dir='ltr'><strong>filium</strong></span> <span class='ocrx_word' id='word_1_122' title='bbox 740 2657 816 2723; x_wconf 92' lang='lat' dir='ltr'><strong>eius</strong></span> <span class='ocrx_word' id='word_1_123' title='bbox 838 2651 883 2726; x_wconf 93' lang='lat' dir='ltr'><strong>D.</strong></span> <span class='ocrx_word' id='word_1_124' title='bbox 898 2651 942 2726; x_wconf 89' lang='lat' dir='ltr'><strong>N.</strong></span> <span class='ocrx_word' id='word_1_125' title='bbox 961 2651 988 2724; x_wconf 93' lang='lat' dir='ltr'><strong>l.</strong></span> <span class='ocrx_word' id='word_1_126' title='bbox 1005 2650 1045 2722; x_wconf 91' lang='lat' dir='ltr'><strong>C.</strong></span> <span class='ocrx_word' id='word_1_127' title='bbox 1065 2666 1098 2722; x_wconf 90' lang='lat' dir='ltr'><strong>et</strong></span> <span class='ocrx_word' id='word_1_128' title='bbox 1119 2665 1233 2722; x_wconf 92' lang='lat' dir='ltr'><strong>totum</strong></span> <span class='ocrx_word' id='word_1_129' title='bbox 1292 2695 1462 2730; x_wconf 56' lang='lat' dir='ltr'><strong><em>m</em></strong></span> 
     </span>
    </p>
   </div>
   <div class='ocr_carea' id='block_1_16' title="bbox 162 2753 1236 3657">
    <p class='ocr_par' dir='ltr' id='par_1_16' title="bbox 162 2753 1236 3657">
     <span class='ocr_line' id='line_1_23' title="bbox 251 2753 1232 2854; baseline -0.017 -17"><span class='ocrx_word' id='word_1_130' title='bbox 251 2787 377 2854; x_wconf 67' lang='lat' dir='ltr'><strong>agmen</strong></span> <span class='ocrx_word' id='word_1_131' title='bbox 400 2761 548 2842; x_wconf 83' lang='lat' dir='ltr'><strong>coeleste</strong></span> <span class='ocrx_word' id='word_1_132' title='bbox 569 2757 710 2828; x_wconf 88' lang='lat' dir='ltr'><strong>visuros</strong></span> <span class='ocrx_word' id='word_1_133' title='bbox 727 2755 794 2840; x_wconf 88' lang='lat' dir='ltr'><strong>sis,</strong></span> <span class='ocrx_word' id='word_1_134' title='bbox 827 2755 945 2824; x_wconf 87' lang='lat' dir='ltr'><strong>minus</strong></span> <span class='ocrx_word' id='word_1_135' title='bbox 964 2753 1103 2837; x_wconf 88' lang='lat' dir='ltr'><strong>doleas,</strong></span> <span class='ocrx_word' id='word_1_136' title='bbox 1137 2753 1232 2846; x_wconf 90' lang='lat' dir='ltr'><strong>quod</strong></span> 
     </span>
     <span class='ocr_line' id='line_1_24' title="bbox 250 2847 1233 2945; baseline -0.014 -9"><span class='ocrx_word' id='word_1_137' title='bbox 250 2889 349 2938; x_wconf 87' lang='lat' dir='ltr'><strong>nunc</strong></span> <span class='ocrx_word' id='word_1_138' title='bbox 369 2861 463 2933; x_wconf 89' lang='lat' dir='ltr'><strong>oculi</strong></span> <span class='ocrx_word' id='word_1_139' title='bbox 479 2872 562 2932; x_wconf 90' lang='lat' dir='ltr'><strong>sunt</strong></span> <span class='ocrx_word' id='word_1_140' title='bbox 578 2855 774 2928; x_wconf 78' lang='lat' dir='ltr'><strong>hebetiores</strong></span> <span class='ocrx_word' id='word_1_141' title='bbox 790 2856 913 2944; x_wconf 78' lang='lat' dir='ltr'><strong>exiguo</strong></span> <span class='ocrx_word' id='word_1_142' title='bbox 936 2870 1104 2945; x_wconf 89' lang='lat' dir='ltr'><strong>tempore.</strong></span> <span class='ocrx_word' id='word_1_143' title='bbox 1156 2847 1233 2924; x_wconf 90' lang='lat' dir='ltr'><strong>Oro</strong></span> 
     </span>
     <span class='ocr_line' id='line_1_25' title="bbox 252 2953 1235 3042; baseline -0.013 -3"><span class='ocrx_word' id='word_1_144' title='bbox 252 2979 371 3040; x_wconf 81' lang='lat' dir='ltr'><strong>sutem</strong></span> <span class='ocrx_word' id='word_1_145' title='bbox 395 2963 437 3036; x_wconf 74' lang='lat' dir='ltr'><strong>F.</strong></span> <span class='ocrx_word' id='word_1_146' title='bbox 456 2959 520 3042; x_wconf 93' lang='lat' dir='ltr'><strong>D..</strong></span> <span class='ocrx_word' id='word_1_147' title='bbox 553 2961 739 3032; x_wconf 91' lang='lat' dir='ltr'><strong>dominum</strong></span> <span class='ocrx_word' id='word_1_148' title='bbox 759 2971 922 3028; x_wconf 87' lang='lat' dir='ltr'><strong>nostrum</strong></span> <span class='ocrx_word' id='word_1_149' title='bbox 944 2954 970 3026; x_wconf 88' lang='grc' dir='ltr'><strong>Ι.</strong></span> <span class='ocrx_word' id='word_1_150' title='bbox 994 2953 1054 3036; x_wconf 92' lang='lat' dir='ltr'><strong>C..</strong></span> <span class='ocrx_word' id='word_1_151' title='bbox 1085 2969 1126 3026; x_wconf 92' lang='lat' dir='ltr'><strong>ut</strong></span> <span class='ocrx_word' id='word_1_152' title='bbox 1150 2969 1185 3024; x_wconf 92' lang='lat' dir='ltr'><strong>te</strong></span> <span class='ocrx_word' id='word_1_153' title='bbox 1201 2967 1235 3026; x_wconf 90' lang='lat' dir='ltr'><strong>ct</strong></span> 
     </span>
     <span class='ocr_line' id='line_1_26' title="bbox 253 3053 1233 3154; baseline -0.014 -18"><span class='ocrx_word' id='word_1_154' title='bbox 253 3086 321 3136; x_wconf 86' lang='lat' dir='ltr'><strong>nos</strong></span> <span class='ocrx_word' id='word_1_155' title='bbox 351 3065 534 3154; x_wconf 73' lang='lat' dir='ltr'><strong>gubernet.</strong></span> <span class='ocrx_word' id='word_1_156' title='bbox 598 3059 641 3129; x_wconf 89' lang='lat' dir='ltr'><strong>ln</strong></span> <span class='ocrx_word' id='word_1_157' title='bbox 665 3057 721 3130; x_wconf 88' lang='lat' dir='ltr'><strong>his</strong></span> <span class='ocrx_word' id='word_1_158' title='bbox 745 3053 947 3130; x_wconf 81' lang='lat' dir='ltr'><strong>Academiis</strong></span> <span class='ocrx_word' id='word_1_159' title='bbox 973 3057 1089 3126; x_wconf 89' lang='lat' dir='ltr'><strong>studia</strong></span> <span class='ocrx_word' id='word_1_160' title='bbox 1113 3059 1233 3126; x_wconf 87' lang='lat' dir='ltr'><strong>eadem</strong></span> 
     </span>
     <span class='ocr_line' id='line_1_27' title="bbox 254 3153 1235 3254; baseline -0.016 -14"><span class='ocrx_word' id='word_1_161' title='bbox 254 3180 338 3240; x_wconf 86' lang='lat' dir='ltr'><strong>sont</strong></span> <span class='ocrx_word' id='word_1_162' title='bbox 360 3165 619 3246; x_wconf 83' lang='lat' dir='ltr'><strong>doctrinarum,</strong></span> <span class='ocrx_word' id='word_1_163' title='bbox 655 3185 743 3254; x_wconf 85' lang='lat' dir='ltr'><strong>quae</strong></span> <span class='ocrx_word' id='word_1_164' title='bbox 766 3159 898 3228; x_wconf 90' lang='lat' dir='ltr'><strong>vidisti.</strong></span> <span class='ocrx_word' id='word_1_165' title='bbox 963 3155 1011 3227; x_wconf 83' lang='lat' dir='ltr'><strong>Et</strong></span> <span class='ocrx_word' id='word_1_166' title='bbox 1036 3153 1175 3226; x_wconf 83' lang='lat' dir='ltr'><strong>honesti</strong></span> <span class='ocrx_word' id='word_1_167' title='bbox 1196 3179 1235 3224; x_wconf 88' lang='lat' dir='ltr'><strong>ac</strong></span> 
     </span>
     <span class='ocr_line' id='line_1_28' title="bbox 253 3253 1235 3350; baseline -0.018 -9"><span class='ocrx_word' id='word_1_168' title='bbox 253 3269 350 3342; x_wconf 90' lang='lat' dir='ltr'><strong>docti</strong></span> <span class='ocrx_word' id='word_1_169' title='bbox 364 3265 432 3334; x_wconf 84' lang='lat' dir='ltr'><strong>viri</strong></span> <span class='ocrx_word' id='word_1_170' title='bbox 451 3287 574 3334; x_wconf 88' lang='lat' dir='ltr'><strong>omnes</strong></span> <span class='ocrx_word' id='word_1_171' title='bbox 587 3276 620 3332; x_wconf 92' lang='lat' dir='ltr'><strong>te</strong></span> <span class='ocrx_word' id='word_1_172' title='bbox 636 3263 808 3350; x_wconf 85' lang='lat' dir='ltr'><strong>diligunt,</strong></span> <span class='ocrx_word' id='word_1_173' title='bbox 841 3273 875 3328; x_wconf 91' lang='lat' dir='ltr'><strong>ct</strong></span> <span class='ocrx_word' id='word_1_174' title='bbox 890 3282 991 3350; x_wconf 90' lang='lat' dir='ltr'><strong>saepe</strong></span> <span class='ocrx_word' id='word_1_175' title='bbox 1006 3253 1235 3326; x_wconf 84' lang='lat' dir='ltr'><strong>honorificam</strong></span> 
     </span>
     <span class='ocr_line' id='line_1_29' title="bbox 254 3358 1235 3450; baseline -0.015 -9"><span class='ocrx_word' id='word_1_176' title='bbox 254 3371 307 3442; x_wconf 93' lang='lat' dir='ltr'><strong>toi</strong></span> <span class='ocrx_word' id='word_1_177' title='bbox 324 3367 540 3438; x_wconf 84' lang='lat' dir='ltr'><strong>mentionem</strong></span> <span class='ocrx_word' id='word_1_178' title='bbox 556 3363 701 3435; x_wconf 86' lang='lat' dir='ltr'><strong>iaciunt.</strong></span> <span class='ocrx_word' id='word_1_179' title='bbox 735 3358 894 3450; x_wconf 77' lang='lat' dir='ltr'><strong>Pegellas</strong></span> <span class='ocrx_word' id='word_1_180' title='bbox 909 3359 1010 3428; x_wconf 93' lang='lat' dir='ltr'><strong>vobis</strong></span> <span class='ocrx_word' id='word_1_181' title='bbox 1024 3359 1138 3439; x_wconf 91' lang='lat' dir='ltr'><strong>mitto,</strong></span> <span class='ocrx_word' id='word_1_182' title='bbox 1157 3381 1235 3426; x_wconf 91' lang='lat' dir='ltr'><strong>mco</strong></span> 
     </span>
     <span class='ocr_line' id='line_1_30' title="bbox 253 3457 1236 3562; baseline -0.017 -19"><span class='ocrx_word' id='word_1_183' title='bbox 253 3493 373 3553; x_wconf 83' lang='lat' dir='ltr'><strong>more,</strong></span> <span class='ocrx_word' id='word_1_184' title='bbox 397 3491 485 3562; x_wconf 91' lang='lat' dir='ltr'><strong>quae</strong></span> <span class='ocrx_word' id='word_1_185' title='bbox 503 3463 714 3536; x_wconf 78' lang='lat' dir='ltr'><strong>Academiae</strong></span> <span class='ocrx_word' id='word_1_186' title='bbox 732 3463 847 3530; x_wconf 90' lang='lat' dir='ltr'><strong>studia</strong></span> <span class='ocrx_word' id='word_1_187' title='bbox 864 3462 1066 3532; x_wconf 87' lang='lat' dir='ltr'><strong>ostendunt.</strong></span> <span class='ocrx_word' id='word_1_188' title='bbox 1117 3457 1236 3528; x_wconf 87' lang='lat' dir='ltr'><strong>Metus</strong></span> 
     </span>
     <span class='ocr_line' id='line_1_31' title="bbox 162 3559 1236 3657; baseline -0.014 -13"><span class='ocrx_word' id='word_1_189' title='bbox 162 3587 169 3602; x_wconf 80' lang='grc'><strong>“</strong></span> <span class='ocrx_word' id='word_1_190' title='bbox 253 3595 389 3642; x_wconf 87' lang='lat' dir='ltr'><strong>novum</strong></span> <span class='ocrx_word' id='word_1_191' title='bbox 412 3569 564 3650; x_wconf 90' lang='lat' dir='ltr'><strong>bellum,</strong></span> <span class='ocrx_word' id='word_1_192' title='bbox 596 3567 641 3636; x_wconf 94' lang='lat' dir='ltr'><strong>de</strong></span> <span class='ocrx_word' id='word_1_193' title='bbox 667 3573 736 3657; x_wconf 80' lang='lat' dir='ltr'><strong>quo</strong></span> <span class='ocrx_word' id='word_1_194' title='bbox 761 3564 864 3654; x_wconf 86' lang='lat' dir='ltr'><strong>plora</strong></span> <span class='ocrx_word' id='word_1_195' title='bbox 884 3564 972 3632; x_wconf 90' lang='lat' dir='ltr'><strong>scire</strong></span> <span class='ocrx_word' id='word_1_196' title='bbox 987 3575 1096 3652; x_wconf 89' lang='lat' dir='ltr'><strong>potes.</strong></span> <span class='ocrx_word' id='word_1_197' title='bbox 1146 3559 1236 3630; x_wconf 90' lang='lat' dir='ltr'><strong>Nam</strong></span> 
     </span>
    </p>
   </div>
   <div class='ocr_carea' id='block_1_17' title="bbox 253 3655 1238 3855">
    <p class='ocr_par' dir='ltr' id='par_1_17' title="bbox 253 3655 1238 3855">
     <span class='ocr_line' id='line_1_32' title="bbox 253 3655 1238 3763; baseline -0.01 -19"><span class='ocrx_word' id='word_1_198' title='bbox 253 3673 348 3763; x_wconf 91' lang='lat' dir='ltr'><strong>apud</strong></span> <span class='ocrx_word' id='word_1_199' title='bbox 376 3693 439 3740; x_wconf 88' lang='lat' dir='ltr'><strong>vos</strong></span> <span class='ocrx_word' id='word_1_200' title='bbox 470 3668 590 3758; x_wconf 78' lang='lat' dir='ltr'><strong>colligi</strong></span> <span class='ocrx_word' id='word_1_201' title='bbox 619 3665 738 3759; x_wconf 89' lang='lat' dir='ltr'><strong>copias</strong></span> <span class='ocrx_word' id='word_1_202' title='bbox 762 3655 901 3734; x_wconf 85' lang='lat' dir='ltr'><strong>Comiti</strong></span> <span class='ocrx_word' id='word_1_203' title='bbox 919 3657 1068 3732; x_wconf 84' lang='lat' dir='ltr'><strong>Alderto</strong></span> <span class='ocrx_word' id='word_1_204' title='bbox 1096 3661 1238 3734; x_wconf 91' lang='lat' dir='ltr'><strong>dicitur.</strong></span> 
     </span>
     <span class='ocr_line' id='line_1_33' title="bbox 254 3768 1238 3855; baseline -0.009 -11"><span class='ocrx_word' id='word_1_205' title='bbox 254 3770 334 3844; x_wconf 91' lang='lat' dir='ltr'><strong>Oro</strong></span> <span class='ocrx_word' id='word_1_206' title='bbox 349 3771 389 3848; x_wconf 80' lang='lat' dir='ltr'><strong>F.</strong></span> <span class='ocrx_word' id='word_1_207' title='bbox 405 3769 451 3843; x_wconf 88' lang='lat' dir='ltr'><strong>D.</strong></span> <span class='ocrx_word' id='word_1_208' title='bbox 468 3783 508 3840; x_wconf 92' lang='lat' dir='ltr'><strong>ut</strong></span> <span class='ocrx_word' id='word_1_209' title='bbox 522 3793 588 3838; x_wconf 89' lang='lat' dir='ltr'><strong>nos</strong></span> <span class='ocrx_word' id='word_1_210' title='bbox 605 3791 727 3838; x_wconf 83' lang='lat' dir='ltr'><strong>ornnes</strong></span> <span class='ocrx_word' id='word_1_211' title='bbox 742 3768 914 3855; x_wconf 81' lang='lat' dir='ltr'><strong>gubernet</strong></span> <span class='ocrx_word' id='word_1_212' title='bbox 929 3791 969 3836; x_wconf 85' lang='lat' dir='ltr'><strong>ac</strong></span> <span class='ocrx_word' id='word_1_213' title='bbox 988 3776 1147 3855; x_wconf 79' lang='lat' dir='ltr'><strong>protegat</strong></span> <span class='ocrx_word' id='word_1_214' title='bbox 1162 3785 1238 3835; x_wconf 85' lang='lat' dir='ltr'><strong>nos.</strong></span> 
     </span>
    </p>
   </div>
   <div class='ocr_carea' id='block_1_18' title="bbox 253 3861 1190 4091">
    <p class='ocr_par' dir='ltr' id='par_1_18' title="bbox 253 3861 1190 4091">
     <span class='ocr_line' id='line_1_34' title="bbox 253 3861 1105 3958; baseline -0.014 -12"><span class='ocrx_word' id='word_1_215' title='bbox 253 3871 351 3946; x_wconf 84' lang='lat' dir='ltr'><strong>Bene</strong></span> <span class='ocrx_word' id='word_1_216' title='bbox 368 3885 404 3946; x_wconf 88' lang='lat' dir='ltr'><strong>et</strong></span> <span class='ocrx_word' id='word_1_217' title='bbox 419 3869 568 3944; x_wconf 80' lang='lat' dir='ltr'><strong>feliciter</strong></span> <span class='ocrx_word' id='word_1_218' title='bbox 585 3870 671 3944; x_wconf 86' lang='lat' dir='ltr'><strong>vale.</strong></span> <span class='ocrx_word' id='word_1_219' title='bbox 721 3863 791 3938; x_wconf 91' lang='lat' dir='ltr'><strong>Die</strong></span> <span class='ocrx_word' id='word_1_220' title='bbox 805 3863 978 3958; x_wconf 85' lang='lat' dir='ltr'><strong>Stephani</strong></span> <span class='ocrx_word' id='word_1_221' title='bbox 997 3861 1105 3936; x_wconf 87' lang='grc'><strong>1555.</strong></span> 
     </span>
     <span class='ocr_line' id='line_1_35' title="bbox 991 3995 1190 4091; baseline -0.01 -21"><span class='ocrx_word' id='word_1_222' title='bbox 991 3995 1190 4091; x_wconf 82' lang='lat' dir='ltr'><strong>Philippus.</strong></span> 
     </span>
    </p>
   </div>
   <div class='ocr_carea' id='block_1_19' title="bbox 1282 480 2273 2299">
    <p class='ocr_par' dir='ltr' id='par_1_19' title="bbox 1282 480 2273 2299">
     <span class='ocr_line' id='line_1_36' title="bbox 1283 480 2269 575; baseline -0.001 -22"><span class='ocrx_word' id='word_1_223' title='bbox 1283 481 1523 575; x_wconf 83' lang='lat' dir='ltr'><strong>tranquillitas</strong></span> <span class='ocrx_word' id='word_1_224' title='bbox 1541 481 1681 552; x_wconf 86' lang='lat' dir='ltr'><strong>restitui</strong></span> <span class='ocrx_word' id='word_1_225' title='bbox 1703 489 1828 574; x_wconf 81' lang='lat' dir='ltr'><strong>potest.</strong></span> <span class='ocrx_word' id='word_1_226' title='bbox 1883 480 1987 554; x_wconf 70' lang='lat' dir='ltr'><strong>&#39;lose</strong></span> <span class='ocrx_word' id='word_1_227' title='bbox 2008 483 2133 556; x_wconf 73' lang='lat' dir='ltr'><strong>tieem</strong></span> <span class='ocrx_word' id='word_1_228' title='bbox 2151 503 2269 572; x_wconf 87' lang='lat' dir='ltr'><strong>nuper</strong></span> 
     </span>
     <span class='ocr_line' id='line_1_37' title="bbox 1282 579 2267 673; baseline 0 -21"><span class='ocrx_word' id='word_1_229' title='bbox 1282 607 1379 673; x_wconf 86' lang='lat' dir='ltr'><strong>spem</strong></span> <span class='ocrx_word' id='word_1_230' title='bbox 1420 583 1516 673; x_wconf 83' lang='lat' dir='ltr'><strong>pacis</strong></span> <span class='ocrx_word' id='word_1_231' title='bbox 1554 585 1804 663; x_wconf 77' lang='lat' dir='ltr'><strong>ostendebant.</strong></span> <span class='ocrx_word' id='word_1_232' title='bbox 1843 585 1907 656; x_wconf 90' lang='lat' dir='ltr'><strong>sed</strong></span> <span class='ocrx_word' id='word_1_233' title='bbox 1946 606 2063 657; x_wconf 74' lang='lat' dir='ltr'><strong>eones</strong></span> <span class='ocrx_word' id='word_1_234' title='bbox 2094 579 2267 654; x_wconf 76' lang='lat' dir='ltr'><strong>Albutius</strong></span> 
     </span>
     <span class='ocr_line' id='line_1_38' title="bbox 1283 677 2268 782; baseline 0 -28"><span class='ocrx_word' id='word_1_235' title='bbox 1283 677 1587 782; x_wconf 82' lang='lat' dir='ltr'><strong>Mansseldensis</strong></span> <span class='ocrx_word' id='word_1_236' title='bbox 1610 707 1773 754; x_wconf 74' lang='lat' dir='ltr'><strong>excussus</strong></span> <span class='ocrx_word' id='word_1_237' title='bbox 1797 707 1843 756; x_wconf 79' lang='lat' dir='ltr'><strong>er</strong></span> <span class='ocrx_word' id='word_1_238' title='bbox 1862 684 1993 776; x_wconf 81' lang='lat' dir='ltr'><strong>patris,</strong></span> <span class='ocrx_word' id='word_1_239' title='bbox 2026 684 2268 778; x_wconf 71' lang='lat' dir='ltr'><strong>recuperatio-</strong></span> 
     </span>
     <span class='ocr_line' id='line_1_39' title="bbox 1283 780 2269 878; baseline -0.002 -22"><span class='ocrx_word' id='word_1_240' title='bbox 1283 809 1366 856; x_wconf 90' lang='lat' dir='ltr'><strong>nem</strong></span> <span class='ocrx_word' id='word_1_241' title='bbox 1385 786 1543 860; x_wconf 88' lang='lat' dir='ltr'><strong>molitor.</strong></span> <span class='ocrx_word' id='word_1_242' title='bbox 1591 785 1760 876; x_wconf 70' lang='lat' dir='ltr'><strong>Legimus</strong></span> <span class='ocrx_word' id='word_1_243' title='bbox 1777 780 2005 878; x_wconf 63' lang='grc' dir='ltr'><strong>Αιιὶἰςοηιιηι</strong></span> <span class='ocrx_word' id='word_1_244' title='bbox 2023 808 2138 857; x_wconf 86' lang='lat' dir='ltr'><strong>sonos</strong></span> <span class='ocrx_word' id='word_1_245' title='bbox 2152 807 2269 856; x_wconf 86' lang='lat' dir='ltr'><strong>ooorn</strong></span> 
     </span>
     <span class='ocr_line' id='line_1_40' title="bbox 1284 885 2270 976; baseline -0.002 -20"><span class='ocrx_word' id='word_1_246' title='bbox 1284 900 1320 958; x_wconf 91' lang='lat' dir='ltr'><strong>et</strong></span> <span class='ocrx_word' id='word_1_247' title='bbox 1339 887 1516 976; x_wconf 80' lang='lat' dir='ltr'><strong>octoginta</strong></span> <span class='ocrx_word' id='word_1_248' title='bbox 1541 907 1716 976; x_wconf 78' lang='lat' dir='ltr'><strong>egressum</strong></span> <span class='ocrx_word' id='word_1_249' title='bbox 1732 909 1826 972; x_wconf 89' lang='lat' dir='ltr'><strong>esse,</strong></span> <span class='ocrx_word' id='word_1_250' title='bbox 1851 911 1931 958; x_wconf 91' lang='lat' dir='ltr'><strong>cum</strong></span> <span class='ocrx_word' id='word_1_251' title='bbox 1948 885 2076 958; x_wconf 82' lang='lat' dir='ltr'><strong>inscie</strong></span> <span class='ocrx_word' id='word_1_252' title='bbox 2092 885 2270 956; x_wconf 81' lang='lat' dir='ltr'><strong>dimicans</strong></span> 
     </span>
     <span class='ocr_line' id='line_1_41' title="bbox 1283 980 2270 1081; baseline -0.002 -23"><span class='ocrx_word' id='word_1_253' title='bbox 1283 988 1400 1080; x_wconf 90' lang='lat' dir='ltr'><strong>periit.</strong></span> <span class='ocrx_word' id='word_1_254' title='bbox 1449 987 1563 1060; x_wconf 89' lang='lat' dir='ltr'><strong>Periit</strong></span> <span class='ocrx_word' id='word_1_255' title='bbox 1582 989 1621 1056; x_wconf 93' lang='lat' dir='ltr'><strong>io</strong></span> <span class='ocrx_word' id='word_1_256' title='bbox 1642 987 1718 1058; x_wconf 86' lang='lat' dir='ltr'><strong>scie</strong></span> <span class='ocrx_word' id='word_1_257' title='bbox 1738 1003 1773 1058; x_wconf 89' lang='lat' dir='ltr'><strong>et</strong></span> <span class='ocrx_word' id='word_1_258' title='bbox 1785 980 2040 1081; x_wconf 77' lang='lat' dir='ltr'><strong>Lysimachus</strong></span> <span class='ocrx_word' id='word_1_259' title='bbox 2053 987 2270 1078; x_wconf 72' lang='lat' dir='ltr'><strong>octogesimo</strong></span> 
     </span>
     <span class='ocr_line' id='line_1_42' title="bbox 1285 1084 2270 1180; baseline -0.004 -21"><span class='ocrx_word' id='word_1_260' title='bbox 1285 1089 1407 1159; x_wconf 86' lang='lat' dir='ltr'><strong>aetatis</strong></span> <span class='ocrx_word' id='word_1_261' title='bbox 1440 1112 1570 1168; x_wconf 85' lang='lat' dir='ltr'><strong>anno..</strong></span> <span class='ocrx_word' id='word_1_262' title='bbox 1591 1103 1710 1180; x_wconf 87' lang='lat' dir='ltr'><strong>postea</strong></span> <span class='ocrx_word' id='word_1_263' title='bbox 1736 1084 1927 1176; x_wconf 74' lang='lat' dir='ltr'><strong>Seleucus,</strong></span> <span class='ocrx_word' id='word_1_264' title='bbox 1964 1111 2122 1180; x_wconf 76' lang='lat' dir='ltr'><strong>egressor</strong></span> <span class='ocrx_word' id='word_1_265' title='bbox 2155 1108 2270 1158; x_wconf 77' lang='lat' dir='ltr'><strong>annas</strong></span> 
     </span>
     <span class='ocr_line' id='line_1_43' title="bbox 1285 1184 2271 1282; baseline 0.002 -22"><span class='ocrx_word' id='word_1_266' title='bbox 1285 1204 1417 1282; x_wconf 88' lang='lat' dir='ltr'><strong>septem</strong></span> <span class='ocrx_word' id='word_1_267' title='bbox 1434 1204 1468 1262; x_wconf 89' lang='lat' dir='ltr'><strong>et</strong></span> <span class='ocrx_word' id='word_1_268' title='bbox 1482 1191 1713 1280; x_wconf 80' lang='lat' dir='ltr'><strong>septuaginta.</strong></span> <span class='ocrx_word' id='word_1_269' title='bbox 1758 1187 1811 1260; x_wconf 84' lang='lat' dir='ltr'><strong>lta</strong></span> <span class='ocrx_word' id='word_1_270' title='bbox 1826 1184 1887 1261; x_wconf 89' lang='lat' dir='ltr'><strong>hic</strong></span> <span class='ocrx_word' id='word_1_271' title='bbox 1900 1213 2004 1262; x_wconf 83' lang='lat' dir='ltr'><strong>senex</strong></span> <span class='ocrx_word' id='word_1_272' title='bbox 2019 1211 2138 1260; x_wconf 81' lang='lat' dir='ltr'><strong>comes</strong></span> <span class='ocrx_word' id='word_1_273' title='bbox 2153 1209 2271 1278; x_wconf 71' lang='lat' dir='ltr'><strong>egres·</strong></span> 
     </span>
     <span class='ocr_line' id='line_1_44' title="bbox 1285 1291 2271 1382; baseline -0.002 -20"><span class='ocrx_word' id='word_1_274' title='bbox 1285 1315 1344 1362; x_wconf 90' lang='lat' dir='ltr'><strong>sus</strong></span> <span class='ocrx_word' id='word_1_275' title='bbox 1359 1313 1492 1361; x_wconf 89' lang='lat' dir='ltr'><strong>annom</strong></span> <span class='ocrx_word' id='word_1_276' title='bbox 1505 1291 1655 1363; x_wconf 89' lang='lat' dir='ltr'><strong>alterum</strong></span> <span class='ocrx_word' id='word_1_277' title='bbox 1669 1305 1703 1363; x_wconf 91' lang='lat' dir='ltr'><strong>et</strong></span> <span class='ocrx_word' id='word_1_278' title='bbox 1719 1292 2031 1382; x_wconf 75' lang='lat' dir='ltr'><strong>septuagesimum.</strong></span> <span class='ocrx_word' id='word_1_279' title='bbox 2055 1313 2179 1362; x_wconf 87' lang='lat' dir='ltr'><strong>recens</strong></span> <span class='ocrx_word' id='word_1_280' title='bbox 2192 1302 2271 1360; x_wconf 90' lang='lat' dir='ltr'><strong>teo·</strong></span> 
     </span>
     <span class='ocr_line' id='line_1_45' title="bbox 1285 1385 2269 1492; baseline -0.004 -28"><span class='ocrx_word' id='word_1_281' title='bbox 1285 1394 1373 1464; x_wconf 87' lang='lat' dir='ltr'><strong>tavit</strong></span> <span class='ocrx_word' id='word_1_282' title='bbox 1386 1394 1684 1484; x_wconf 74' lang='lat' dir='ltr'><strong>oppugnationem</strong></span> <span class='ocrx_word' id='word_1_283' title='bbox 1697 1393 1786 1464; x_wconf 88' lang='lat' dir='ltr'><strong>areis</strong></span> <span class='ocrx_word' id='word_1_284' title='bbox 1801 1385 2092 1492; x_wconf 75' lang='lat' dir='ltr'><strong>ttamsetdtcae.</strong></span> <span class='ocrx_word' id='word_1_285' title='bbox 2142 1389 2269 1462; x_wconf 88' lang='lat' dir='ltr'><strong>Meton</strong></span> 
     </span>
     <span class='ocr_line' id='line_1_46' title="bbox 1286 1485 2272 1581; baseline -0.004 -17"><span class='ocrx_word' id='word_1_286' title='bbox 1286 1489 1370 1564; x_wconf 92' lang='lat' dir='ltr'><strong>haec</strong></span> <span class='ocrx_word' id='word_1_287' title='bbox 1393 1495 1493 1564; x_wconf 89' lang='lat' dir='ltr'><strong>initia</strong></span> <span class='ocrx_word' id='word_1_288' title='bbox 1514 1507 1549 1565; x_wconf 90' lang='lat' dir='ltr'><strong>ct</strong></span> <span class='ocrx_word' id='word_1_289' title='bbox 1571 1519 1635 1564; x_wconf 89' lang='lat' dir='ltr'><strong>oro</strong></span> <span class='ocrx_word' id='word_1_290' title='bbox 1651 1493 1783 1564; x_wconf 86' lang='lat' dir='ltr'><strong>Filium</strong></span> <span class='ocrx_word' id='word_1_291' title='bbox 1802 1491 1888 1578; x_wconf 89' lang='lat' dir='ltr'><strong>Dei,</strong></span> <span class='ocrx_word' id='word_1_292' title='bbox 1919 1505 1962 1564; x_wconf 91' lang='lat' dir='ltr'><strong>ut</strong></span> <span class='ocrx_word' id='word_1_293' title='bbox 1985 1485 2040 1562; x_wconf 92' lang='lat' dir='ltr'><strong>his</strong></span> <span class='ocrx_word' id='word_1_294' title='bbox 2063 1491 2272 1581; x_wconf 76' lang='lat' dir='ltr'><strong>mgiooibus</strong></span> 
     </span>
     <span class='ocr_line' id='line_1_47' title="bbox 1285 1593 2272 1694; baseline -0.006 -28"><span class='ocrx_word' id='word_1_295' title='bbox 1285 1597 1444 1668; x_wconf 90' lang='lat' dir='ltr'><strong>restituat</strong></span> <span class='ocrx_word' id='word_1_296' title='bbox 1468 1619 1620 1694; x_wconf 71' lang='lat' dir='ltr'><strong>pacem.⁴</strong></span> <span class='ocrx_word' id='word_1_297' title='bbox 1659 1593 1735 1666; x_wconf 81' lang='lat' dir='ltr'><strong>Vos</strong></span> <span class='ocrx_word' id='word_1_298' title='bbox 1756 1595 1834 1666; x_wconf 88' lang='lat' dir='ltr'><strong>istic</strong></span> <span class='ocrx_word' id='word_1_299' title='bbox 1855 1595 1957 1685; x_wconf 86' lang='lat' dir='ltr'><strong>plura</strong></span> <span class='ocrx_word' id='word_1_300' title='bbox 1979 1615 2075 1664; x_wconf 89' lang='lat' dir='ltr'><strong>nunc</strong></span> <span class='ocrx_word' id='word_1_301' title='bbox 2097 1593 2188 1662; x_wconf 88' lang='lat' dir='ltr'><strong>scire</strong></span> <span class='ocrx_word' id='word_1_302' title='bbox 2203 1616 2272 1682; x_wconf 94' lang='lat' dir='ltr'><strong>po-</strong></span> 
     </span>
     <span class='ocr_line' id='line_1_48' title="bbox 1284 1693 2272 1790; baseline -0.006 -24"><span class='ocrx_word' id='word_1_303' title='bbox 1284 1699 1394 1768; x_wconf 88' lang='lat' dir='ltr'><strong>testis.</strong></span> <span class='ocrx_word' id='word_1_304' title='bbox 1445 1695 1553 1768; x_wconf 86' lang='lat' dir='ltr'><strong>Mitto</strong></span> <span class='ocrx_word' id='word_1_305' title='bbox 1566 1697 1728 1790; x_wconf 77' lang='lat' dir='ltr'><strong>pagellas,</strong></span> <span class='ocrx_word' id='word_1_306' title='bbox 1747 1719 1900 1790; x_wconf 85' lang='lat' dir='ltr'><strong>quarum</strong></span> <span class='ocrx_word' id='word_1_307' title='bbox 1913 1696 1986 1766; x_wconf 86' lang='lat' dir='ltr'><strong>scio</strong></span> <span class='ocrx_word' id='word_1_308' title='bbox 1999 1695 2066 1766; x_wconf 92' lang='lat' dir='ltr'><strong>tibi</strong></span> <span class='ocrx_word' id='word_1_309' title='bbox 2079 1693 2272 1774; x_wconf 82' lang='lat' dir='ltr'><strong>lectionem</strong></span> 
     </span>
     <span class='ocr_line' id='line_1_49' title="bbox 1284 1796 2272 1877; baseline -0.003 -11"><span class='ocrx_word' id='word_1_310' title='bbox 1284 1820 1358 1867; x_wconf 93' lang='lat' dir='ltr'><strong>oon</strong></span> <span class='ocrx_word' id='word_1_311' title='bbox 1380 1799 1561 1868; x_wconf 86' lang='lat' dir='ltr'><strong>insuavem</strong></span> <span class='ocrx_word' id='word_1_312' title='bbox 1585 1821 1670 1872; x_wconf 85' lang='lat' dir='ltr'><strong>esse.</strong></span> <span class='ocrx_word' id='word_1_313' title='bbox 1723 1796 1811 1868; x_wconf 90' lang='lat' dir='ltr'><strong>Viro</strong></span> <span class='ocrx_word' id='word_1_314' title='bbox 1832 1797 2028 1868; x_wconf 87' lang='lat' dir='ltr'><strong>clarissimo</strong></span> <span class='ocrx_word' id='word_1_315' title='bbox 2052 1817 2175 1864; x_wconf 87' lang='lat' dir='ltr'><strong>socero</strong></span> <span class='ocrx_word' id='word_1_316' title='bbox 2194 1808 2272 1877; x_wconf 90' lang='lat' dir='ltr'><strong>too,</strong></span> 
     </span>
     <span class='ocr_line' id='line_1_50' title="bbox 1284 1895 2273 1984; baseline -0.006 -16"><span class='ocrx_word' id='word_1_317' title='bbox 1284 1911 1319 1970; x_wconf 91' lang='lat' dir='ltr'><strong>et</strong></span> <span class='ocrx_word' id='word_1_318' title='bbox 1343 1898 1409 1972; x_wconf 92' lang='lat' dir='ltr'><strong>toti</strong></span> <span class='ocrx_word' id='word_1_319' title='bbox 1433 1915 1567 1970; x_wconf 85' lang='lat' dir='ltr'><strong>vestrae</strong></span> <span class='ocrx_word' id='word_1_320' title='bbox 1583 1895 1760 1972; x_wconf 87' lang='lat' dir='ltr'><strong>Ecclesiae</strong></span> <span class='ocrx_word' id='word_1_321' title='bbox 1775 1899 1986 1971; x_wconf 84' lang='lat' dir='ltr'><strong>domesticae</strong></span> <span class='ocrx_word' id='word_1_322' title='bbox 1999 1898 2150 1968; x_wconf 82' lang='lat' dir='ltr'><strong>salutem</strong></span> <span class='ocrx_word' id='word_1_323' title='bbox 2167 1905 2273 1984; x_wconf 82' lang='lat' dir='ltr'><strong>opta-</strong></span> 
     </span>
     <span class='ocr_line' id='line_1_51' title="bbox 1284 1990 2272 2090; baseline -0.008 -22"><span class='ocrx_word' id='word_1_324' title='bbox 1284 2023 1381 2083; x_wconf 90' lang='lat' dir='ltr'><strong>mus,</strong></span> <span class='ocrx_word' id='word_1_325' title='bbox 1404 2022 1485 2090; x_wconf 81' lang='lat' dir='ltr'><strong>ego,</strong></span> <span class='ocrx_word' id='word_1_326' title='bbox 1511 2015 1544 2070; x_wconf 91' lang='lat' dir='ltr'><strong>et</strong></span> <span class='ocrx_word' id='word_1_327' title='bbox 1570 2023 1667 2070; x_wconf 91' lang='lat' dir='ltr'><strong>meus</strong></span> <span class='ocrx_word' id='word_1_328' title='bbox 1692 2023 1816 2090; x_wconf 75' lang='lat' dir='ltr'><strong>gener,</strong></span> <span class='ocrx_word' id='word_1_329' title='bbox 1841 2001 2116 2081; x_wconf 82' lang='lat' dir='ltr'><strong>etiratertuus,</strong></span> <span class='ocrx_word' id='word_1_330' title='bbox 2141 1990 2272 2065; x_wconf 85' lang='lat' dir='ltr'><strong>etEr-</strong></span> 
     </span>
     <span class='ocr_line' id='line_1_52' title="bbox 1284 2091 2272 2185; baseline -0.004 -17"><span class='ocrx_word' id='word_1_331' title='bbox 1284 2110 1424 2185; x_wconf 80' lang='lat' dir='ltr'><strong>nestas,</strong></span> <span class='ocrx_word' id='word_1_332' title='bbox 1457 2113 1494 2170; x_wconf 80' lang='lat' dir='ltr'><strong>et,</strong></span> <span class='ocrx_word' id='word_1_333' title='bbox 1513 2101 1622 2172; x_wconf 72' lang='lat' dir='ltr'><strong>taur</strong></span> <span class='ocrx_word' id='word_1_334' title='bbox 1643 2093 1768 2174; x_wconf 78' lang='lat' dir='ltr'><strong>Osod&#39;</strong></span> <span class='ocrx_word' id='word_1_335' title='bbox 1871 2155 1880 2172; x_wconf 86' lang='lat'><strong>.</strong></span> <span class='ocrx_word' id='word_1_336' title='bbox 1938 2097 2037 2170; x_wconf 85' lang='lat' dir='ltr'><strong>Bene</strong></span> <span class='ocrx_word' id='word_1_337' title='bbox 2061 2098 2151 2168; x_wconf 83' lang='lat' dir='ltr'><strong>vale.</strong></span> <span class='ocrx_word' id='word_1_338' title='bbox 2201 2091 2272 2166; x_wconf 85' lang='lat' dir='ltr'><strong>Dis</strong></span> 
     </span>
     <span class='ocr_line' id='line_1_53' title="bbox 1283 2195 1768 2299; baseline 0.008 -27"><span class='ocrx_word' id='word_1_339' title='bbox 1283 2195 1477 2299; x_wconf 75' lang='lat' dir='ltr'><strong>Stephani.</strong></span> <span class='ocrx_word' id='word_1_340' title='bbox 1527 2199 1638 2274; x_wconf 80' lang='lat' dir='ltr'><strong>Anno</strong></span> <span class='ocrx_word' id='word_1_341' title='bbox 1657 2199 1768 2279; x_wconf 85' lang='grc'><strong>1555.</strong></span> 
     </span>
    </p>
   </div>
   <div class='ocr_carea' id='block_1_20' title="bbox 2128 2595 2274 2716">
    <p class='ocr_par' dir='ltr' id='par_1_20' title="bbox 2128 2595 2274 2716">
     <span class='ocr_line' id='line_1_54' title="bbox 2128 2595 2274 2716; baseline -0.014 1"><span class='ocrx_word' id='word_1_342' title='bbox 2128 2595 2274 2716; x_wconf 65' lang='lat' dir='ltr'><strong>ees·</strong></span> 
     </span>
    </p>
   </div>
   <div class='ocr_carea' id='block_1_21' title="bbox 1436 2795 2110 2893">
    <p class='ocr_par' dir='ltr' id='par_1_21' title="bbox 1436 2795 2110 2893">
     <span class='ocr_line' id='line_1_55' title="bbox 1436 2795 2110 2893; baseline -0.016 0"><span class='ocrx_word' id='word_1_343' title='bbox 1436 2801 1836 2893; x_wconf 67' lang='lat' dir='ltr'><strong>Concionatosibsn</strong></span> <span class='ocrx_word' id='word_1_344' title='bbox 1860 2795 2110 2887; x_wconf 81' lang='lat' dir='ltr'><strong>Franeieis.</strong></span> 
     </span>
    </p>
   </div>
   <div class='ocr_carea' id='block_1_22' title="bbox 1352 2963 2274 3458">
    <p class='ocr_par' dir='ltr' id='par_1_22' title="bbox 1352 2963 2274 3458">
     <span class='ocr_line' id='line_1_56' title="bbox 1352 2963 2273 3048; baseline -0.016 -14"><span class='ocrx_word' id='word_1_345' title='bbox 1352 2978 1449 3034; x_wconf 81' lang='lat' dir='ltr'><strong>Manlii</strong></span> <span class='ocrx_word' id='word_1_346' title='bbox 1468 2977 1563 3048; x_wconf 67' lang='grc' dir='ltr'><strong>[επις.</strong></span> <span class='ocrx_word' id='word_1_347' title='bbox 1583 2993 1610 3048; x_wconf 95' lang='lat' dir='ltr'><strong>p.</strong></span> <span class='ocrx_word' id='word_1_348' title='bbox 1624 2974 1713 3044; x_wconf 77' lang='lat' dir='ltr'><strong>ttsq.</strong></span> <span class='ocrx_word' id='word_1_349' title='bbox 1747 2971 1868 3046; x_wconf 80' lang='lat' dir='ltr'><strong>Repetite</strong></span> <span class='ocrx_word' id='word_1_350' title='bbox 1888 2989 1903 3025; x_wconf 88' lang='lat' dir='ltr'><strong>s</strong></span> <span class='ocrx_word' id='word_1_351' title='bbox 1921 2965 2013 3024; x_wconf 76' lang='lat' dir='ltr'><strong>Pessi.</strong></span> <span class='ocrx_word' id='word_1_352' title='bbox 2032 2965 2060 3021; x_wconf 92' lang='lat' dir='ltr'><strong>iu</strong></span> <span class='ocrx_word' id='word_1_353' title='bbox 2082 2965 2152 3022; x_wconf 75' lang='lat' dir='ltr'><strong>stet.</strong></span> <span class='ocrx_word' id='word_1_354' title='bbox 2167 2963 2273 3021; x_wconf 77' lang='lat' dir='ltr'><strong>Ooosih</strong></span> 
     </span>
     <span class='ocr_line' id='line_1_57' title="bbox 1387 3033 2273 3114; baseline -0.011 -14"><span class='ocrx_word' id='word_1_355' title='bbox 1387 3046 1432 3100; x_wconf 87' lang='lat' dir='ltr'><strong>lst.</strong></span> <span class='ocrx_word' id='word_1_356' title='bbox 1458 3047 1488 3100; x_wconf 82' lang='lat' dir='ltr'><strong>P.</strong></span> <span class='ocrx_word' id='word_1_357' title='bbox 1504 3047 1539 3100; x_wconf 88' lang='lat' dir='ltr'><strong>ll.</strong></span> <span class='ocrx_word' id='word_1_358' title='bbox 1563 3063 1590 3114; x_wconf 92' lang='lat' dir='ltr'><strong>p.</strong></span> <span class='ocrx_word' id='word_1_359' title='bbox 1606 3043 1655 3097; x_wconf 83' lang='lat' dir='ltr'><strong>ttt</strong></span> <span class='ocrx_word' id='word_1_360' title='bbox 1702 3069 1772 3098; x_wconf 91' lang='lat'><strong>.··-</strong></span> <span class='ocrx_word' id='word_1_361' title='bbox 1812 3039 1974 3106; x_wconf 78' lang='lat' dir='ltr'><strong>Aorspbs</strong></span> <span class='ocrx_word' id='word_1_362' title='bbox 1994 3037 2021 3090; x_wconf 92' lang='lat' dir='ltr'><strong>io</strong></span> <span class='ocrx_word' id='word_1_363' title='bbox 2043 3037 2106 3092; x_wconf 87' lang='lat' dir='ltr'><strong>cod.</strong></span> <span class='ocrx_word' id='word_1_364' title='bbox 2128 3033 2273 3092; x_wconf 70' lang='lat' dir='ltr'><strong>Meton</strong></span> 
     </span>
     <span class='ocr_line' id='line_1_58' title="bbox 1385 3059 2273 3236; baseline -0.017 -65"><span class='ocrx_word' id='word_1_365' title='bbox 1385 3131 1412 3236; x_wconf 60' lang='grc' dir='ltr'><strong>Ε.</strong></span> <span class='ocrx_word' id='word_1_366' title='bbox 1425 3115 1476 3170; x_wconf 83' lang='grc'><strong>167</strong></span> <span class='ocrx_word' id='word_1_367' title='bbox 1483 3111 1508 3166; x_wconf 70' lang='lat' dir='ltr'><strong>b.</strong></span> <span class='ocrx_word' id='word_1_368' title='bbox 1522 3125 1549 3166; x_wconf 87' lang='lat' dir='ltr'><strong>ct</strong></span> <span class='ocrx_word' id='word_1_369' title='bbox 1563 3115 1590 3166; x_wconf 94' lang='lat' dir='ltr'><strong>in</strong></span> <span class='ocrx_word' id='word_1_370' title='bbox 1603 3061 1796 3182; x_wconf 46' lang='lat' dir='ltr'><strong>eodfdmtpt.</strong></span> <span class='ocrx_word' id='word_1_371' title='bbox 1809 3059 1861 3163; x_wconf 81' lang='lat' dir='ltr'><strong>iol.</strong></span> <span class='ocrx_word' id='word_1_372' title='bbox 1874 3125 1921 3162; x_wconf 86' lang='lat' dir='ltr'><strong>no.</strong></span> <span class='ocrx_word' id='word_1_373' title='bbox 1932 3107 1958 3160; x_wconf 89' lang='grc'><strong>7.</strong></span> <span class='ocrx_word' id='word_1_374' title='bbox 1971 3107 1998 3160; x_wconf 80' lang='lat'><strong>9.</strong></span> <span class='ocrx_word' id='word_1_375' title='bbox 2031 3103 2137 3164; x_wconf 55' lang='lat' dir='ltr'><strong>‚25st</strong></span> <span class='ocrx_word' id='word_1_376' title='bbox 2153 3133 2192 3150; x_wconf 87' lang='grc'><strong>-</strong></span> <span class='ocrx_word' id='word_1_377' title='bbox 2225 3101 2273 3156; x_wconf 79' lang='lat' dir='ltr'><strong>Est</strong></span> 
     </span>
     <span class='ocr_line' id='line_1_59' title="bbox 1404 3171 2274 3257; baseline -0.016 -20"><span class='ocrx_word' id='word_1_378' title='bbox 1404 3203 1452 3238; x_wconf 86' lang='lat' dir='ltr'><strong>sec</strong></span> <span class='ocrx_word' id='word_1_379' title='bbox 1464 3182 1576 3257; x_wconf 88' lang='lat' dir='ltr'><strong>epistois</strong></span> <span class='ocrx_word' id='word_1_380' title='bbox 1586 3199 1746 3250; x_wconf 85' lang='lat' dir='ltr'><strong>responsum</strong></span> <span class='ocrx_word' id='word_1_381' title='bbox 1757 3179 1791 3232; x_wconf 85' lang='lat' dir='ltr'><strong>sd</strong></span> <span class='ocrx_word' id='word_1_382' title='bbox 1803 3175 1892 3231; x_wconf 80' lang='lat' dir='ltr'><strong>hteras</strong></span> <span class='ocrx_word' id='word_1_383' title='bbox 1905 3173 2015 3230; x_wconf 67' lang='lat' dir='ltr'><strong>sottus</strong></span> <span class='ocrx_word' id='word_1_384' title='bbox 2029 3185 2055 3228; x_wconf 86' lang='lat' dir='ltr'><strong>et</strong></span> <span class='ocrx_word' id='word_1_385' title='bbox 2072 3171 2226 3240; x_wconf 69' lang='lat' dir='ltr'><strong>Sebageisi,</strong></span> <span class='ocrx_word' id='word_1_386' title='bbox 2244 3179 2274 3224; x_wconf 82' lang='lat' dir='ltr'><strong>nt</strong></span> 
     </span>
     <span class='ocr_line' id='line_1_60' title="bbox 1387 3241 2274 3325; baseline -0.017 -18"><span class='ocrx_word' id='word_1_387' title='bbox 1387 3251 1547 3325; x_wconf 76' lang='lat' dir='ltr'><strong>intelligitur</strong></span> <span class='ocrx_word' id='word_1_388' title='bbox 1559 3269 1589 3303; x_wconf 86' lang='lat' dir='ltr'><strong>es</strong></span> <span class='ocrx_word' id='word_1_389' title='bbox 1603 3247 1686 3303; x_wconf 78' lang='lat' dir='ltr'><strong>alters</strong></span> <span class='ocrx_word' id='word_1_390' title='bbox 1699 3249 1795 3302; x_wconf 81' lang='lat' dir='ltr'><strong>boram</strong></span> <span class='ocrx_word' id='word_1_391' title='bbox 1814 3243 1987 3298; x_wconf 82' lang='lat' dir='ltr'><strong>bominume</strong></span> <span class='ocrx_word' id='word_1_392' title='bbox 2008 3241 2103 3306; x_wconf 78' lang='lat' dir='ltr'><strong>istola,</strong></span> <span class='ocrx_word' id='word_1_393' title='bbox 2129 3259 2216 3309; x_wconf 78' lang='lat' dir='ltr'><strong>quam</strong></span> <span class='ocrx_word' id='word_1_394' title='bbox 2228 3243 2274 3293; x_wconf 84' lang='lat' dir='ltr'><strong>in·</strong></span> 
     </span>
     <span class='ocr_line' id='line_1_61' title="bbox 1385 3307 2272 3380; baseline -0.014 -6"><span class='ocrx_word' id='word_1_395' title='bbox 1385 3319 1427 3376; x_wconf 83' lang='lat' dir='ltr'><strong>irs</strong></span> <span class='ocrx_word' id='word_1_396' title='bbox 1441 3322 1468 3377; x_wconf 88' lang='lat' dir='ltr'><strong>d.</strong></span> <span class='ocrx_word' id='word_1_397' title='bbox 1486 3322 1530 3378; x_wconf 86' lang='lat' dir='ltr'><strong>st.</strong></span> <span class='ocrx_word' id='word_1_398' title='bbox 1544 3320 1624 3374; x_wconf 83' lang='lat' dir='ltr'><strong>Febr.</strong></span> <span class='ocrx_word' id='word_1_399' title='bbox 1635 3335 1679 3374; x_wconf 85' lang='lat' dir='ltr'><strong>sn.</strong></span> <span class='ocrx_word' id='word_1_400' title='bbox 1694 3315 1769 3374; x_wconf 76' lang='grc'><strong>1555.</strong></span> <span class='ocrx_word' id='word_1_401' title='bbox 1786 3313 1925 3380; x_wconf 81' lang='lat' dir='ltr'><strong>dedimus,</strong></span> <span class='ocrx_word' id='word_1_402' title='bbox 1949 3327 1982 3364; x_wconf 81' lang='lat' dir='ltr'><strong>ss</strong></span> <span class='ocrx_word' id='word_1_403' title='bbox 2015 3311 2140 3365; x_wconf 72' lang='lat' dir='ltr'><strong>ussum</strong></span> <span class='ocrx_word' id='word_1_404' title='bbox 2154 3307 2272 3364; x_wconf 68' lang='lat' dir='ltr'><strong>Panto·</strong></span> 
     </span>
     <span class='ocr_line' id='line_1_62' title="bbox 1386 3379 2154 3458; baseline -0.017 -13"><span class='ocrx_word' id='word_1_405' title='bbox 1386 3391 1506 3445; x_wconf 77' lang='lat' dir='ltr'><strong>liberum</strong></span> <span class='ocrx_word' id='word_1_406' title='bbox 1520 3386 1588 3442; x_wconf 87' lang='lat' dir='ltr'><strong>huie</strong></span> <span class='ocrx_word' id='word_1_407' title='bbox 1601 3387 1730 3458; x_wconf 80' lang='lat' dir='ltr'><strong>epistolae</strong></span> <span class='ocrx_word' id='word_1_408' title='bbox 1746 3379 1950 3455; x_wconf 82' lang='lat' dir='ltr'><strong>subscripsisse,</strong></span> <span class='ocrx_word' id='word_1_409' title='bbox 1967 3383 2154 3451; x_wconf 68' lang='lat' dir='ltr'><strong>cognoscitur.</strong></span> 
     </span>
    </p>
   </div>
   <div class='ocr_carea' id='block_1_23' title="bbox 1311 3527 2250 3641">
    <p class='ocr_par' dir='ltr' id='par_1_23' title="bbox 1311 3527 2250 3641">
     <span class='ocr_line' id='line_1_63' title="bbox 1311 3527 2250 3641; baseline -0.018 -25"><span class='ocrx_word' id='word_1_410' title='bbox 1311 3541 1497 3641; x_wconf 82' lang='lat' dir='ltr'><strong>Scriptum</strong></span> <span class='ocrx_word' id='word_1_411' title='bbox 1526 3537 1581 3612; x_wconf 89' lang='lat' dir='ltr'><strong>D.</strong></span> <span class='ocrx_word' id='word_1_412' title='bbox 1608 3533 1797 3636; x_wconf 75' lang='lat' dir='ltr'><strong>Philippi,</strong></span> <span class='ocrx_word' id='word_1_413' title='bbox 1831 3530 1887 3607; x_wconf 87' lang='lat' dir='ltr'><strong>ad</strong></span> <span class='ocrx_word' id='word_1_414' title='bbox 1906 3527 2182 3632; x_wconf 75' lang='lat' dir='ltr'><strong>praedicatores</strong></span> <span class='ocrx_word' id='word_1_415' title='bbox 2210 3531 2250 3600; x_wconf 85' lang='lat' dir='ltr'><strong>in</strong></span> 
     </span>
    </p>
   </div>
   <div class='ocr_carea' id='block_1_24' title="bbox 1335 3631 2225 3730">
    <p class='ocr_par' dir='ltr' id='par_1_24' title="bbox 1335 3631 2225 3730">
     <span class='ocr_line' id='line_1_64' title="bbox 1335 3631 2225 3730; baseline -0.016 -10"><span class='ocrx_word' id='word_1_416' title='bbox 1335 3641 1525 3730; x_wconf 79' lang='lat' dir='ltr'><strong>Francia,</strong></span> <span class='ocrx_word' id='word_1_417' title='bbox 1552 3639 1603 3714; x_wconf 89' lang='lat' dir='ltr'><strong>de</strong></span> <span class='ocrx_word' id='word_1_418' title='bbox 1634 3639 1887 3714; x_wconf 78' lang='lat' dir='ltr'><strong>elevatione</strong></span> <span class='ocrx_word' id='word_1_419' title='bbox 1915 3631 2225 3708; x_wconf 84' lang='lat' dir='ltr'><strong>Sacramenti.</strong></span> 
     </span>
    </p>
   </div>
   <div class='ocr_carea' id='block_1_25' title="bbox 1287 3794 2275 3884">
    <p class='ocr_par' dir='ltr' id='par_1_25' title="bbox 1287 3794 2275 3884">
     <span class='ocr_line' id='line_1_65' title="bbox 1287 3794 2275 3884; baseline -0.022 0"><span class='ocrx_word' id='word_1_420' title='bbox 1287 3801 1402 3884; x_wconf 85' lang='lat' dir='ltr'><strong>Anno</strong></span> <span class='ocrx_word' id='word_1_421' title='bbox 1421 3803 1530 3880; x_wconf 79' lang='lat'><strong>1542.</strong></span> <span class='ocrx_word' id='word_1_422' title='bbox 1551 3797 1737 3880; x_wconf 81' lang='lat' dir='ltr'><strong>Lutherus</strong></span> <span class='ocrx_word' id='word_1_423' title='bbox 1758 3827 1822 3874; x_wconf 90' lang='lat' dir='ltr'><strong>son</strong></span> <span class='ocrx_word' id='word_1_424' title='bbox 1840 3798 1993 3882; x_wconf 92' lang='lat' dir='ltr'><strong>iudicio,</strong></span> <span class='ocrx_word' id='word_1_425' title='bbox 2019 3818 2095 3864; x_wconf 92' lang='lat' dir='ltr'><strong>non</strong></span> <span class='ocrx_word' id='word_1_426' title='bbox 2109 3794 2221 3864; x_wconf 85' lang='lat' dir='ltr'><strong>relata</strong></span> <span class='ocrx_word' id='word_1_427' title='bbox 2239 3815 2275 3862; x_wconf 83' lang='lat' dir='ltr'><strong>rs</strong></span> 
     </span>
    </p>
   </div>
   <div class='ocr_carea' id='block_1_26' title="bbox 1161 3889 2276 3988">
    <p class='ocr_par' dir='ltr' id='par_1_26' title="bbox 1161 3889 2276 3988">
     <span class='ocr_line' id='line_1_66' title="bbox 1161 3889 2276 3988; baseline -0.022 -3"><span class='ocrx_word' id='word_1_428' title='bbox 1161 3965 1163 3970; x_wconf 82' lang='lat'><strong>.</strong></span> <span class='ocrx_word' id='word_1_429' title='bbox 1287 3915 1332 3982; x_wconf 92' lang='lat' dir='ltr'><strong>ad</strong></span> <span class='ocrx_word' id='word_1_430' title='bbox 1354 3913 1504 3982; x_wconf 90' lang='lat' dir='ltr'><strong>aliorum</strong></span> <span class='ocrx_word' id='word_1_431' title='bbox 1530 3906 1837 3988; x_wconf 81' lang='lat' dir='ltr'><strong>deliberationem,</strong></span> <span class='ocrx_word' id='word_1_432' title='bbox 1868 3899 1970 3974; x_wconf 88' lang='lat' dir='ltr'><strong>iussit</strong></span> <span class='ocrx_word' id='word_1_433' title='bbox 1989 3897 2105 3968; x_wconf 90' lang='lat' dir='ltr'><strong>omitti</strong></span> <span class='ocrx_word' id='word_1_434' title='bbox 2130 3889 2276 3984; x_wconf 86' lang='lat' dir='ltr'><strong>ritum¹)</strong></span> 
     </span>
    </p>
   </div>
   <div class='ocr_carea' id='block_1_27' title="bbox 1288 4003 2276 4203">
    <p class='ocr_par' dir='ltr' id='par_1_27' title="bbox 1288 4003 2276 4203">
     <span class='ocr_line' id='line_1_67' title="bbox 1288 4003 2276 4090; baseline -0.022 -6"><span class='ocrx_word' id='word_1_435' title='bbox 1288 4013 1430 4084; x_wconf 88' lang='lat' dir='ltr'><strong>levandi</strong></span> <span class='ocrx_word' id='word_1_436' title='bbox 1456 4013 1734 4084; x_wconf 85' lang='lat' dir='ltr'><strong>Sacramentum.</strong></span> <span class='ocrx_word' id='word_1_437' title='bbox 1792 4003 1883 4076; x_wconf 91' lang='lat' dir='ltr'><strong>Cum</strong></span> <span class='ocrx_word' id='word_1_438' title='bbox 1905 4015 2020 4072; x_wconf 87' lang='lat' dir='ltr'><strong>autem</strong></span> <span class='ocrx_word' id='word_1_439' title='bbox 2042 4007 2276 4090; x_wconf 86' lang='lat' dir='ltr'><strong>sequerentur</strong></span> 
     </span>
     <span class='ocr_line' id='line_1_68' title="bbox 1289 4091 2276 4203; baseline -0.024 -17"><span class='ocrx_word' id='word_1_440' title='bbox 1289 4130 1480 4186; x_wconf 82' lang='lat' dir='ltr'><strong>venenatae</strong></span> <span class='ocrx_word' id='word_1_441' title='bbox 1496 4105 1796 4203; x_wconf 88' lang='lat' dir='ltr'><strong>reprehensiones,</strong></span> <span class='ocrx_word' id='word_1_442' title='bbox 1821 4119 1855 4174; x_wconf 90' lang='lat' dir='ltr'><strong>et</strong></span> <span class='ocrx_word' id='word_1_443' title='bbox 1873 4101 2035 4172; x_wconf 88' lang='lat' dir='ltr'><strong>venirent</strong></span> <span class='ocrx_word' id='word_1_444' title='bbox 2048 4099 2094 4166; x_wconf 89' lang='lat' dir='ltr'><strong>ad</strong></span> <span class='ocrx_word' id='word_1_445' title='bbox 2109 4121 2194 4166; x_wconf 89' lang='lat' dir='ltr'><strong>eum</strong></span> <span class='ocrx_word' id='word_1_446' title='bbox 2212 4091 2276 4164; x_wconf 89' lang='lat' dir='ltr'><strong>ho-</strong></span> 
     </span>
    </p>
   </div>
   <div class='ocr_carea' id='block_1_28' title="bbox 254 4201 2339 4415">
    <p class='ocr_par' dir='ltr' id='par_1_28' title="bbox 254 4201 2339 4415">
     <span class='ocr_line' id='line_1_69' title="bbox 254 4201 2276 4310; baseline -0.022 -2"><span class='ocrx_word' id='word_1_447' title='bbox 254 4217 1240 4264; x_wconf 44' lang='lat' dir='ltr'><strong>ww</strong></span> <span class='ocrx_word' id='word_1_448' title='bbox 1290 4217 1396 4310; x_wconf 91' lang='lat' dir='ltr'><strong>spites</strong></span> <span class='ocrx_word' id='word_1_449' title='bbox 1423 4213 1546 4296; x_wconf 90' lang='lat' dir='ltr'><strong>multi,</strong></span> <span class='ocrx_word' id='word_1_450' title='bbox 1585 4231 1735 4305; x_wconf 90' lang='lat' dir='ltr'><strong>quorum</strong></span> <span class='ocrx_word' id='word_1_451' title='bbox 1758 4205 1896 4300; x_wconf 87' lang='lat' dir='ltr'><strong>aliquos</strong></span> <span class='ocrx_word' id='word_1_452' title='bbox 1917 4201 2102 4272; x_wconf 89' lang='lat' dir='ltr'><strong>nominare</strong></span> <span class='ocrx_word' id='word_1_453' title='bbox 2126 4221 2276 4287; x_wconf 87' lang='lat' dir='ltr'><strong>possem,</strong></span> 
     </span>
     <span class='ocr_line' id='line_1_70' title="bbox 1289 4291 2339 4415; baseline -0.022 -24"><span class='ocrx_word' id='word_1_454' title='bbox 1289 4313 1394 4390; x_wconf 83' lang='lat' dir='ltr'><strong>etiam</strong></span> <span class='ocrx_word' id='word_1_455' title='bbox 1408 4313 1599 4385; x_wconf 87' lang='lat' dir='ltr'><strong>insuaviter</strong></span> <span class='ocrx_word' id='word_1_456' title='bbox 1615 4311 1831 4415; x_wconf 19' lang='lat' dir='ltr'><strong>sciscitantes,</strong></span> <span class='ocrx_word' id='word_1_457' title='bbox 1843 4327 1995 4388; x_wconf 85' lang='lat' dir='ltr'><strong>eausam,</strong></span> <span class='ocrx_word' id='word_1_458' title='bbox 2020 4299 2069 4372; x_wconf 84' lang='lat' dir='ltr'><strong>ait</strong></span> <span class='ocrx_word' id='word_1_459' title='bbox 2084 4322 2119 4368; x_wconf 88' lang='lat' dir='ltr'><strong>se</strong></span> <span class='ocrx_word' id='word_1_460' title='bbox 2136 4291 2196 4367; x_wconf 88' lang='lat' dir='ltr'><strong>his</strong></span> <span class='ocrx_word' id='word_1_461' title='bbox 2215 4297 2276 4368; x_wconf 91' lang='lat' dir='ltr'><strong>tri·</strong></span> <span class='ocrx_word' id='word_1_462' title='bbox 2338 4309 2339 4368; x_wconf 82' lang='lat' dir='ltr'><strong>t</strong></span> 
     </span>
    </p>
   </div>
   <div class='ocr_carea' id='block_1_29' title="bbox 267 4401 468 4478">
    <p class='ocr_par' dir='ltr' id='par_1_29' title="bbox 267 4401 468 4478">
     <span class='ocr_line' id='line_1_71' title="bbox 267 4401 468 4478; baseline -0.035 0"><span class='ocrx_word' id='word_1_463' title='bbox 267 4405 339 4478; x_wconf 79' lang='lat' dir='ltr'><strong>tto.</strong></span> <span class='ocrx_word' id='word_1_464' title='bbox 353 4401 468 4477; x_wconf 87' lang='grc'><strong>5705.</strong></span> 
     </span>
    </p>
   </div>
   <div class='ocr_carea' id='block_1_30' title="bbox 260 4501 473 4538">
    <p class='ocr_par' dir='ltr' id='par_1_30' title="bbox 260 4501 473 4538">
     <span class='ocr_line' id='line_1_72' title="bbox 260 4501 473 4538; baseline -0.019 0"><span class='ocrx_word' id='word_1_465' title='bbox 260 4501 473 4538; x_wconf 52' lang='lat' dir='ltr'><strong>m</strong></span> 
     </span>
    </p>
   </div>
   <div class='ocr_carea' id='block_1_31' title="bbox 325 4585 1091 4863">
    <p class='ocr_par' dir='ltr' id='par_1_31' title="bbox 325 4585 1091 4863">
     <span class='ocr_line' id='line_1_73' title="bbox 549 4585 967 4684; baseline -0.005 0"><span class='ocrx_word' id='word_1_466' title='bbox 549 4597 703 4684; x_wconf 79' lang='lat' dir='ltr'><strong>Ionon.</strong></span> <span class='ocrx_word' id='word_1_467' title='bbox 728 4599 939 4684; x_wconf 79' lang='lat' dir='ltr'><strong>Mollcro.</strong></span> <span class='ocrx_word' id='word_1_468' title='bbox 964 4585 967 4590; x_wconf 66' lang='grc'><strong>’</strong></span> 
     </span>
     <span class='ocr_line' id='line_1_74' title="bbox 325 4783 1091 4863; baseline -0.012 -14"><span class='ocrx_word' id='word_1_469' title='bbox 325 4793 411 4863; x_wconf 69' lang='lat' dir='ltr'><strong>nar.</strong></span> <span class='ocrx_word' id='word_1_470' title='bbox 427 4792 474 4846; x_wconf 82' lang='grc' dir='ltr'><strong>ιιι.</strong></span> <span class='ocrx_word' id='word_1_471' title='bbox 490 4789 525 4845; x_wconf 92' lang='grc' dir='ltr'><strong>ιι.</strong></span> <span class='ocrx_word' id='word_1_472' title='bbox 543 4808 570 4862; x_wconf 65' lang='lat' dir='ltr'><strong>p.</strong></span> <span class='ocrx_word' id='word_1_473' title='bbox 583 4785 644 4843; x_wconf 81' lang='lat' dir='ltr'><strong>nr.</strong></span> <span class='ocrx_word' id='word_1_474' title='bbox 665 4783 1091 4858; x_wconf 76' lang='lat' dir='ltr'><strong>‹.a.1.0..a.1n.n...,su.›.</strong></span> 
     </span>
    </p>
   </div>
   <div class='ocr_carea' id='block_1_32' title="bbox 251 4923 1031 5044">
    <p class='ocr_par' dir='ltr' id='par_1_32' title="bbox 251 4923 1031 5044">
     <span class='ocr_line' id='line_1_75' title="bbox 251 4923 1031 5044; baseline -0.021 -1"><span class='ocrx_word' id='word_1_475' title='bbox 251 4923 254 4930; x_wconf 23' lang='grc' dir='ltr'>ι</span> <span class='ocrx_word' id='word_1_476' title='bbox 375 5001 387 5044; x_wconf 87' lang='grc'><strong>,·</strong></span> <span class='ocrx_word' id='word_1_477' title='bbox 471 4959 526 5039; x_wconf 89' lang='lat' dir='ltr'><strong>D.</strong></span> <span class='ocrx_word' id='word_1_478' title='bbox 552 4953 800 5034; x_wconf 75' lang='lat' dir='ltr'><strong>Inachimn</strong></span> <span class='ocrx_word' id='word_1_479' title='bbox 825 4954 1031 5033; x_wconf 72' lang='lat' dir='ltr'><strong>Mottero</strong></span> 
     </span>
    </p>
   </div>
   <div class='ocr_carea' id='block_1_33' title="bbox 257 5122 1240 5422">
    <p class='ocr_par' dir='ltr' id='par_1_33' title="bbox 257 5122 1240 5422">
     <span class='ocr_line' id='line_1_76' title="bbox 258 5122 1240 5212; baseline -0.01 -6"><span class='ocrx_word' id='word_1_480' title='bbox 258 5125 306 5212; x_wconf 79' lang='lat' dir='ltr'><strong>S.</strong></span> <span class='ocrx_word' id='word_1_481' title='bbox 330 5129 377 5207; x_wconf 92' lang='lat' dir='ltr'><strong>D.</strong></span> <span class='ocrx_word' id='word_1_482' title='bbox 427 5127 629 5202; x_wconf 86' lang='lat' dir='ltr'><strong>Clarissime</strong></span> <span class='ocrx_word' id='word_1_483' title='bbox 646 5129 703 5196; x_wconf 78' lang='lat' dir='ltr'><strong>vir</strong></span> <span class='ocrx_word' id='word_1_484' title='bbox 721 5142 754 5198; x_wconf 90' lang='lat' dir='ltr'><strong>ct</strong></span> <span class='ocrx_word' id='word_1_485' title='bbox 770 5122 972 5198; x_wconf 88' lang='lat' dir='ltr'><strong>charissime</strong></span> <span class='ocrx_word' id='word_1_486' title='bbox 986 5127 1106 5198; x_wconf 85' lang='lat' dir='ltr'><strong>irater.</strong></span> <span class='ocrx_word' id='word_1_487' title='bbox 1158 5123 1240 5197; x_wconf 89' lang='lat' dir='ltr'><strong>Scio</strong></span> 
     </span>
     <span class='ocr_line' id='line_1_77' title="bbox 257 5220 1240 5311; baseline -0.01 -6"><span class='ocrx_word' id='word_1_488' title='bbox 257 5255 293 5311; x_wconf 70' lang='lat' dir='ltr'><strong>te</strong></span> <span class='ocrx_word' id='word_1_489' title='bbox 315 5233 515 5304; x_wconf 86' lang='lat' dir='ltr'><strong>meminisse</strong></span> <span class='ocrx_word' id='word_1_490' title='bbox 538 5221 781 5300; x_wconf 84' lang='lat' dir='ltr'><strong>Pindaricum</strong></span> <span class='ocrx_word' id='word_1_491' title='bbox 803 5229 910 5300; x_wconf 88' lang='lat' dir='ltr'><strong>iilud:</strong></span> <span class='ocrx_word' id='word_1_492' title='bbox 942 5220 1074 5298; x_wconf 81' lang='lat' dir='ltr'><strong>Facile</strong></span> <span class='ocrx_word' id='word_1_493' title='bbox 1088 5233 1146 5297; x_wconf 84' lang='lat' dir='ltr'><strong>est</strong></span> <span class='ocrx_word' id='word_1_494' title='bbox 1161 5244 1240 5302; x_wconf 79' lang='lat' dir='ltr'><strong>rno-</strong></span> 
     </span>
     <span class='ocr_line' id='line_1_78' title="bbox 259 5323 1240 5422; baseline -0.012 -13"><span class='ocrx_word' id='word_1_495' title='bbox 259 5360 333 5409; x_wconf 80' lang='lat' dir='ltr'><strong>ssre</strong></span> <span class='ocrx_word' id='word_1_496' title='bbox 351 5332 550 5422; x_wconf 80' lang='lat' dir='ltr'><strong>civitatem,</strong></span> <span class='ocrx_word' id='word_1_497' title='bbox 574 5325 641 5402; x_wconf 87' lang='lat' dir='ltr'><strong>sed</strong></span> <span class='ocrx_word' id='word_1_498' title='bbox 656 5352 784 5400; x_wconf 82' lang='lat' dir='ltr'><strong>rursus</strong></span> <span class='ocrx_word' id='word_1_499' title='bbox 798 5324 925 5400; x_wconf 84' lang='lat' dir='ltr'><strong>sedare</strong></span> <span class='ocrx_word' id='word_1_500' title='bbox 941 5337 1099 5411; x_wconf 84' lang='lat' dir='ltr'><strong>motam,</strong></span> <span class='ocrx_word' id='word_1_501' title='bbox 1121 5323 1240 5401; x_wconf 81' lang='lat' dir='ltr'><strong>soiius</strong></span> 
     </span>
    </p>
   </div>
   <div class='ocr_carea' id='block_1_34' title="bbox 1036 4395 1236 4518">
    <p class='ocr_par' dir='ltr' id='par_1_34' title="bbox 1036 4395 1236 4518">
     <span class='ocr_line' id='line_1_79' title="bbox 1036 4395 1224 4470; baseline 0 -8"><span class='ocrx_word' id='word_1_502' title='bbox 1036 4447 1039 4452; x_wconf 77' lang='lat'>·</span> <span class='ocrx_word' id='word_1_503' title='bbox 1073 4405 1132 4470; x_wconf 77' lang='lat'><strong>26.</strong></span> <span class='ocrx_word' id='word_1_504' title='bbox 1150 4395 1224 4462; x_wconf 85' lang='lat' dir='ltr'><strong>Dec.</strong></span> 
     </span>
     <span class='ocr_line' id='line_1_80' title="bbox 1041 4485 1236 4518; baseline -0.005 0"><span class='ocrx_word' id='word_1_505' title='bbox 1041 4511 1044 4518; x_wconf 91' lang='lat'><strong>.</strong></span> <span class='ocrx_word' id='word_1_506' title='bbox 1065 4485 1236 4518; x_wconf 49' lang='lat' dir='ltr'><strong>vm</strong></span> 
     </span>
    </p>
   </div>
   <div class='ocr_carea' id='block_1_35' title="bbox 1289 2435 2339 4532">
    <p class='ocr_par' dir='ltr' id='par_1_35' title="bbox 1289 35 2339 4532">
     <span class='ocr_line' id='line_1_81' title="bbox 1289 2435 2267 2463; baseline -0.017 5"><span class='ocrx_word' id='word_1_507' title='bbox 1289 2435 2267 2463; x_wconf 51' lang='lat' dir='ltr'><strong>mmmmm-m·—</strong></span> 
     </span>
     <span class='ocr_line' id='line_1_82' title="bbox 2012 3125 2029 3178; baseline -0.018 1124"><span class='ocrx_word' id='word_1_508' title='bbox 2012 3125 2029 3178; x_wconf 68' lang='grc' dir='ltr'><strong>Ρ</strong></span> 
     </span>
     <span class='ocr_line' id='line_1_83' title="bbox 1990 3261 2005 3314; baseline 0 0"><span class='ocrx_word' id='word_1_509' title='bbox 1990 3261 2005 3314; x_wconf 84' lang='grc' dir='ltr'><strong>Ρ</strong></span> 
     </span>
     <span class='ocr_line' id='line_1_84' title="bbox 1994 3331 2012 3384; baseline 0 0"><span class='ocrx_word' id='word_1_510' title='bbox 1994 3331 2012 3384; x_wconf 72' lang='lat' dir='ltr'><strong>¹l</strong></span> 
     </span>
     <span class='ocr_line' id='line_1_85' title="bbox 2338 4417 2339 4464; baseline 0 0"><span class='ocrx_word' id='word_1_511' title='bbox 2338 4417 2339 4464; x_wconf 82' lang='lat' dir='ltr'><strong>t</strong></span> 
     </span>
     <span class='ocr_line' id='line_1_86' title="bbox 2338 4487 2339 4532; baseline 0 0"><span class='ocrx_word' id='word_1_512' title='bbox 2338 4487 2339 4532; x_wconf 87' lang='lat' dir='ltr'><strong>t</strong></span> 
     </span>
    </p>
   </div>
   <div class='ocr_carea' id='block_1_36' title="bbox 1290 4413 1737 4490">
    <p class='ocr_par' dir='ltr' id='par_1_36' title="bbox 1290 4413 1737 4490">
     <span class='ocr_line' id='line_1_87' title="bbox 1290 4413 1737 4490; baseline -0.018 1"><span class='ocrx_word' id='word_1_513' title='bbox 1290 4423 1356 4490; x_wconf 90' lang='lat' dir='ltr'><strong>bus</strong></span> <span class='ocrx_word' id='word_1_514' title='bbox 1371 4413 1484 4488; x_wconf 89' lang='lat' dir='ltr'><strong>causis</strong></span> <span class='ocrx_word' id='word_1_515' title='bbox 1499 4428 1633 4486; x_wconf 92' lang='lat' dir='ltr'><strong>motum</strong></span> <span class='ocrx_word' id='word_1_516' title='bbox 1651 4435 1737 4483; x_wconf 88' lang='lat' dir='ltr'><strong>esse.</strong></span> 
     </span>
    </p>
   </div>
   <div class='ocr_carea' id='block_1_37' title="bbox 1391 4515 2339 4616">
    <p class='ocr_par' dir='ltr' id='par_1_37' title="bbox 1391 4515 2339 4616">
     <span class='ocr_line' id='line_1_88' title="bbox 1391 4515 2339 4616; baseline -0.026 -12"><span class='ocrx_word' id='word_1_517' title='bbox 1391 4533 1547 4604; x_wconf 88' lang='lat' dir='ltr'><strong>Primam</strong></span> <span class='ocrx_word' id='word_1_518' title='bbox 1561 4530 1699 4600; x_wconf 89' lang='lat' dir='ltr'><strong>dicebat</strong></span> <span class='ocrx_word' id='word_1_519' title='bbox 1716 4545 1788 4596; x_wconf 89' lang='lat' dir='ltr'><strong>esse</strong></span> <span class='ocrx_word' id='word_1_520' title='bbox 1805 4518 1854 4616; x_wconf 81' lang='lat'><strong>²),</strong></span> <span class='ocrx_word' id='word_1_521' title='bbox 1885 4541 1968 4592; x_wconf 86' lang='lat' dir='ltr'><strong>cnm</strong></span> <span class='ocrx_word' id='word_1_522' title='bbox 1987 4515 2146 4588; x_wconf 84' lang='lat' dir='ltr'><strong>tollenda</strong></span> <span class='ocrx_word' id='word_1_523' title='bbox 2168 4515 2219 4584; x_wconf 91' lang='lat' dir='ltr'><strong>sit</strong></span> <span class='ocrx_word' id='word_1_524' title='bbox 2239 4535 2276 4582; x_wconf 81' lang='lat' dir='ltr'><strong>es</strong></span> <span class='ocrx_word' id='word_1_525' title='bbox 2338 4549 2339 4592; x_wconf 65' lang='grc' dir='ltr'><strong>ι</strong></span> 
     </span>
    </p>
   </div>
   <div class='ocr_carea' id='block_1_38' title="bbox 1289 4613 2276 4824">
    <p class='ocr_par' dir='ltr' id='par_1_38' title="bbox 1289 4613 2276 4824">
     <span class='ocr_line' id='line_1_89' title="bbox 1289 4613 2276 4724; baseline -0.024 -17"><span class='ocrx_word' id='word_1_526' title='bbox 1289 4634 1447 4714; x_wconf 83' lang='lat' dir='ltr'><strong>Ecclesia</strong></span> <span class='ocrx_word' id='word_1_527' title='bbox 1470 4631 1647 4724; x_wconf 86' lang='lat' dir='ltr'><strong>persuasio</strong></span> <span class='ocrx_word' id='word_1_528' title='bbox 1669 4627 1793 4718; x_wconf 86' lang='lat' dir='ltr'><strong>impis,</strong></span> <span class='ocrx_word' id='word_1_529' title='bbox 1827 4624 1962 4712; x_wconf 70' lang='lat' dir='ltr'><strong>tingens</strong></span> <span class='ocrx_word' id='word_1_530' title='bbox 1986 4613 2205 4690; x_wconf 82' lang='lat' dir='ltr'><strong>sacrificulos</strong></span> <span class='ocrx_word' id='word_1_531' title='bbox 2226 4615 2276 4684; x_wconf 88' lang='lat' dir='ltr'><strong>oi·</strong></span> 
     </span>
     <span class='ocr_line' id='line_1_90' title="bbox 1289 4712 2276 4824; baseline -0.022 -16"><span class='ocrx_word' id='word_1_532' title='bbox 1289 4741 1382 4808; x_wconf 83' lang='lat' dir='ltr'><strong>ferre</strong></span> <span class='ocrx_word' id='word_1_533' title='bbox 1396 4731 1577 4808; x_wconf 86' lang='lat' dir='ltr'><strong>Christum</strong></span> <span class='ocrx_word' id='word_1_534' title='bbox 1599 4755 1664 4824; x_wconf 89' lang='lat' dir='ltr'><strong>pro</strong></span> <span class='ocrx_word' id='word_1_535' title='bbox 1679 4727 1770 4796; x_wconf 91' lang='lat' dir='ltr'><strong>vivis</strong></span> <span class='ocrx_word' id='word_1_536' title='bbox 1791 4737 1824 4794; x_wconf 91' lang='lat' dir='ltr'><strong>et</strong></span> <span class='ocrx_word' id='word_1_537' title='bbox 1845 4719 2015 4809; x_wconf 86' lang='lat' dir='ltr'><strong>mortuis,</strong></span> <span class='ocrx_word' id='word_1_538' title='bbox 2040 4731 2075 4788; x_wconf 89' lang='lat' dir='ltr'><strong>et</strong></span> <span class='ocrx_word' id='word_1_539' title='bbox 2089 4712 2159 4786; x_wconf 82' lang='lat' dir='ltr'><strong>hac</strong></span> <span class='ocrx_word' id='word_1_540' title='bbox 2175 4717 2276 4786; x_wconf 87' lang='lat' dir='ltr'><strong>obla·</strong></span> 
     </span>
    </p>
   </div>
   <div class='ocr_carea' id='block_1_39' title="bbox 1289 4818 2277 4931">
    <p class='ocr_par' dir='ltr' id='par_1_39' title="bbox 1289 4818 2277 4931">
     <span class='ocr_line' id='line_1_91' title="bbox 1289 4818 2277 4931; baseline -0.021 -23"><span class='ocrx_word' id='word_1_541' title='bbox 1289 4840 1388 4910; x_wconf 91' lang='lat' dir='ltr'><strong>tione</strong></span> <span class='ocrx_word' id='word_1_542' title='bbox 1408 4837 1459 4908; x_wconf 89' lang='lat' dir='ltr'><strong>eis</strong></span> <span class='ocrx_word' id='word_1_543' title='bbox 1474 4831 1503 4931; x_wconf 78' lang='lat'><strong>³)</strong></span> <span class='ocrx_word' id='word_1_544' title='bbox 1526 4833 1654 4904; x_wconf 88' lang='lat' dir='ltr'><strong>mereri</strong></span> <span class='ocrx_word' id='word_1_545' title='bbox 1676 4826 1919 4920; x_wconf 82' lang='lat' dir='ltr'><strong>remissionem</strong></span> <span class='ocrx_word' id='word_1_546' title='bbox 1938 4831 2186 4916; x_wconf 74' lang='lat' dir='ltr'><strong>pcccatommt·</strong></span> <span class='ocrx_word' id='word_1_547' title='bbox 2216 4818 2277 4887; x_wconf 86' lang='lat' dir='ltr'><strong>rit-</strong></span> 
     </span>
    </p>
   </div>
   <div class='ocr_carea' id='block_1_40' title="bbox 1325 5085 2276 5234">
    <p class='ocr_par' dir='ltr' id='par_1_40' title="bbox 1325 5085 2276 5234">
     <span class='ocr_line' id='line_1_92' title="bbox 1325 5085 2276 5184; baseline -0.029 -17"><span class='ocrx_word' id='word_1_548' title='bbox 1325 5113 1353 5184; x_wconf 89' lang='grc'><strong>1)</strong></span> <span class='ocrx_word' id='word_1_549' title='bbox 1372 5111 1436 5167; x_wconf 77' lang='lat' dir='ltr'><strong>Pes.</strong></span> <span class='ocrx_word' id='word_1_550' title='bbox 1448 5127 1501 5165; x_wconf 89' lang='lat' dir='ltr'><strong>seu</strong></span> <span class='ocrx_word' id='word_1_551' title='bbox 1519 5107 1656 5176; x_wconf 78' lang='lat' dir='ltr'><strong>offeresrtit</strong></span> <span class='ocrx_word' id='word_1_552' title='bbox 1668 5121 1720 5162; x_wconf 83' lang='lat' dir='ltr'><strong>seu</strong></span> <span class='ocrx_word' id='word_1_553' title='bbox 1735 5099 1865 5163; x_wconf 67' lang='lat' dir='ltr'><strong>icomedis</strong></span> <span class='ocrx_word' id='word_1_554' title='bbox 1889 5095 1952 5154; x_wconf 85' lang='lat' dir='ltr'><strong>ced.</strong></span> <span class='ocrx_word' id='word_1_555' title='bbox 1964 5091 2082 5166; x_wconf 75' lang='lat' dir='ltr'><strong>euupt.</strong></span> <span class='ocrx_word' id='word_1_556' title='bbox 2100 5093 2193 5145; x_wconf 79' lang='lat' dir='ltr'><strong>ritum</strong></span> <span class='ocrx_word' id='word_1_557' title='bbox 2211 5085 2276 5157; x_wconf 70' lang='lat' dir='ltr'><strong>els-</strong></span> 
     </span>
     <span class='ocr_line' id='line_1_93' title="bbox 1357 5183 2000 5234; baseline -0.025 0"><span class='ocrx_word' id='word_1_558' title='bbox 1357 5183 1584 5234; x_wconf 81' lang='lat' dir='ltr'><strong>renditsuatum.</strong></span> <span class='ocrx_word' id='word_1_559' title='bbox 1995 5222 2000 5231; x_wconf 57' lang='grc'><em>,</em></span> 
     </span>
    </p>
   </div>
   <div class='ocr_carea' id='block_1_41' title="bbox 1322 5259 1742 5424">
    <p class='ocr_par' dir='ltr' id='par_1_41' title="bbox 1322 5259 1742 5424">
     <span class='ocr_line' id='line_1_94' title="bbox 1323 5259 1742 5338; baseline -0.017 -20"><span class='ocrx_word' id='word_1_560' title='bbox 1323 5265 1357 5338; x_wconf 75' lang='grc'><strong>1)</strong></span> <span class='ocrx_word' id='word_1_561' title='bbox 1375 5265 1461 5322; x_wconf 78' lang='lat' dir='ltr'><strong>Meni.</strong></span> <span class='ocrx_word' id='word_1_562' title='bbox 1478 5263 1612 5318; x_wconf 80' lang='lat' dir='ltr'><strong>Primum</strong></span> <span class='ocrx_word' id='word_1_563' title='bbox 1624 5259 1742 5316; x_wconf 70' lang='lat' dir='ltr'><strong>dicebat.</strong></span> 
     </span>
     <span class='ocr_line' id='line_1_95' title="bbox 1322 5349 1507 5424; baseline -0.032 -16"><span class='ocrx_word' id='word_1_564' title='bbox 1322 5349 1352 5424; x_wconf 71' lang='grc' dir='ltr'><strong>Ι)</strong></span> <span class='ocrx_word' id='word_1_565' title='bbox 1371 5349 1435 5406; x_wconf 81' lang='lat' dir='ltr'><strong>Pes.</strong></span> <span class='ocrx_word' id='word_1_566' title='bbox 1449 5365 1507 5405; x_wconf 85' lang='lat' dir='ltr'><strong>ess.</strong></span> 
     </span>
    </p>
   </div>
   <div class='ocr_carea' id='block_1_42' title="bbox 0 0 2357 5812">
    <p class='ocr_par' dir='ltr' id='par_1_42' title="bbox 0 0 2357 5812">
     <span class='ocr_line' id='line_1_96' title="bbox 0 0 2357 5812; baseline 0 0"><span class='ocrx_word' id='word_1_567' title='bbox 0 0 2357 5812; x_wconf 95' lang='lat' dir='ltr'><strong> </strong></span> 
     </span>
    </p>
   </div>
  </div>
 </body>
</html>
