4682 5822
231 225 306 312 aas

233 411 344 502 ipsius
372 422 504 500 patrem
534 409 649 480 virum
680 411 828 498 dignum
845 410 969 478 favore
991 405 1222 490 Celsitudinis

234 519 390 594 vestrae,
416 525 450 598 et
464 527 608 602 propter
624 511 853 583 adolescentis
873 511 1037 602 pietatem
1063 533 1141 598 erga
1160 533 1222 600 pa-

235 615 339 684 triam
356 609 604 700 Rostochiarn,
630 627 670 682 ut
692 611 874 683 Celsitudo
896 625 1007 680 vestra
1033 611 1223 681 clementer

235 713 304 786 hoc
326 738 466 785 carmen
492 715 657 807 accipiat,
686 729 722 784 et
744 713 1026 784 benevolentiam
1053 737 1131 804 erga
1154 711 1232 782 Pa·-

236 833 324 888 trem
347 817 511 889 declaret.

339 915 435 988 Bene
471 931 505 988 ct
536 915 705 986 foeliciter
738 919 852 988 valeat
883 913 1065 988 Celsitudo
1099 927 1223 988 vestra.

237 1019 305 1091 Die
320 1016 424 1094 Febr.
447 1019 504 1094 17.

421 1233 425 1243 ,
549 1154 762 1229 Celsitudini
784 1171 919 1233 vestrae

826 1279 1087 1349 addictissimus

748 1374 937 1472 Philippus
954 1375 1177 1454 Melanthon.
1232 1435 1236 1442 .

239 1779 303 1854 No.
317 1777 430 1851 5741.

245 1877 415 1906 Μ

1071 1797 1085 1854 1
1095 1793 1127 1854 8.
1138 1789 1224 1850 Febr.

1048 1878 1219 1908 Μ

534 1983 686 2068 ΙοαοῙι.
717 1983 929 2070 Mollero.

306 2145 390 2218 Epist.
409 2145 453 2203 lib.
473 2143 507 2202 ll.
525 2165 550 2216 p.
566 2145 624 2200 510.
644 2143 699 2214 (οᾶ.
718 2141 806 2200 Lond.
825 2141 875 2198 lib.
892 2143 929 2198 ll.
949 2162 991 2214 ep.
1005 2143 1088 2213 Mb).

456 2296 512 2372 D.
539 2291 774 2370 Inachimo
800 2293 1011 2368 Mollero

238 2436 285 2524 S.
311 2444 356 2519 D.
407 2443 610 2517 Clarissime
627 2447 699 2533 vir,
723 2459 757 2516 et
771 2440 974 2515 charissime
990 2448 1116 2528 frater,
1157 2445 1223 2518 Ni-

238 2549 292 2623 hil
308 2549 446 2620 dulcius
459 2563 509 2618 est
524 2551 648 2634 fratre,
675 2549 735 2642 qui
753 2561 826 2616 non
839 2549 955 2618 solum
973 2563 1118 2641 propter
1143 2571 1225 2620 san-

238 2653 356 2744 guinis
379 2653 645 2742 cognationem,
681 2651 741 2720 sed
766 2651 869 2721 etiam
891 2663 1035 2742 propter
1057 2651 1223 2724 virtutem

239 2771 273 2827 et
287 2777 496 2824 consensum
511 2755 553 2822 de
569 2755 675 2823 rebus
688 2749 794 2822 bouis
809 2752 980 2841 diligitur.
1020 2749 1120 2822 Talis
1142 2779 1220 2822 cum

238 2859 284 2927 sit
299 2858 337 2925 in
352 2871 386 2926 te
401 2869 435 2925 et
450 2857 557 2925 fratre
569 2879 686 2939 antor,
712 2853 854 2930 virtutis
870 2855 910 2922 in
926 2867 1076 2948 utroque
1098 2855 1224 2924 simili-

238 2959 363 3030 tudine
386 2958 633 3042 coufirmatus,
659 2979 760 3048 spero
778 2955 879 3026 vobis
894 2979 1136 3045 congressum,
1162 2981 1221 3025 ve-

239 3077 350 3132 strum
367 3059 561 3129 iucundum
575 3060 662 3144 sore,
676 3071 710 3128 et
724 3073 764 3130 ut
780 3058 825 3128 sit
838 3058 939 3128 vobis
955 3058 1147 3149 voluptati,
1170 3059 1222 3127 sa-

240 3163 308 3233 ciat
322 3158 437 3247 Deus,
462 3163 521 3254 qui
541 3177 574 3234 et
591 3161 751 3230 condidit
769 3153 929 3258 στοργὰς
953 3159 991 3228 in
1006 3173 1133 3230 natura
1153 3154 1220 3229 ho-

239 3265 394 3346 minum,
420 3277 453 3333 et
480 3265 671 3334 delectatur
685 3265 833 3331 fratrum
852 3262 1116 3334 coniunctione.
1166 3259 1221 3333 De

807 231 1234 326 lttusTQtAttuu
1279 235 1316 319 ,1.
1328 235 1395 316 ta.
1416 235 1525 318 tut..
1553 235 1709 320 toea:

1261 407 1401 502 ‘quibus
1417 409 1584 480 scribitur
1596 405 1771 494 Ecclesiae
1788 413 1879 480 recte
1896 411 2065 482 docentes
2080 409 2150 480 sub'
2166 403 2204 479 Τ
2204 433 2268 478 ar·
2322 447 2323 452 κ

2194 237 2268 316 438

1273 507 1323 578 cis
1345 511 1383 578 in
1405 503 1605 580 Pannonia
1635 511 1900 584 Dei'benelicio
1935 527 1969 584 et
2002 508 2197 616 concordes
2233 525 2268 581 et

1272 614 1485 714 tranquillas
1518 638 1602 690 esse.
1662 612 1800 688 Interea
1829 615 1867 705 in
1892 609 1961 704 hac
1987 630 2108 684 nostra
2133 613 2268 683 vicinia

1273 713 1359 812 alibi
1375 715 1518 784 saevitia
1536 711 1802 810 hypocritarum
1819 717 2054 808 dissipantur,
2082 716 2170 784 alibi
2192 716 2268 784 dis·

1273 815 1372 884 sidiis
1389 817 1599 890 domesticis.
1652 813 1808 888 Oremus
1822 817 1936 889 lilium
1951 813 2036 902 Dei,
2062 829 2101 888 ut
2128 817 2166 886 in
2192 831 2268 888 tam

1274 919 1385 986 scaevis
1401 920 1664 1004 tempestatibus
1680 943 1778 988 suam
1798 923 1957 1015 cymbam
1973 933 2097 994 servet.
2150 916 2268 1010 Spero

1275 1017 1408 1108 Regem
1422 1013 1708 1090 Ferdinandam
1727 1045 1801 1112 non
1818 1023 1893 1092 lore
1910 1021 2113 1110 ministrum
2128 1021 2269 1090 alienae

1276 1123 1504 1195 crudelitatis.
1555 1114 1811 1216 Lanterwald
1823 1119 1912 1192 milri
1930 1123 2064 1212 bellum
2080 1123 2269 1194 minitatur

1225 1287 1228 1294 .
1276 1237 1386 1296 atrox.
1439 1223 1509 1294 Sed
1526 1224 1602 1293 eius
1624 1225 1826 1314 praestigias
1846 1249 1918 1294 nou
1933 1247 2035 1316 spero
2052 1226 2268 1294 extincturus

1276 1325 1390 1393 lucem
1408 1325 1612 1416 perspicuae
1626 1341 1659 1395 et
1672 1325 1950 1417 simplicissimae
1965 1327 2141 1410 veritatis,
2158 1351 2267 1418 qoam

1277 1427 1343 1494 scis
1360 1451 1415 1494 me
1439 1427 1589 1496 fideliter
1606 1427 1644 1496 iu
1663 1431 1822 1498 docendo
1841 1429 2062 1523 quaesivisse.
2115 1425 2164 1498 Et
2182 1425 2267 1496 hac·

1141 1524 1148 1544 '
1186 1589 1189 1594 .
1278 1543 1380 1597 tenus
1397 1526 1591 1620 Papistica,
1615 1520 1866 1616 Osiandrica,
1898 1543 1932 1601 et
1954 1521 2267 1600 Lanterwnldica

1278 1629 1467 1698 certamina
1494 1631 1704 1720 prosuerunt
1726 1633 1768 1700 ad
1789 1631 2046 1702 ‘illustrandam
2072 1633 2267 1702 veritatem.

1279 1731 1385 1802 Mitto
1402 1731 1467 1801 tibi
1482 1719 1644 1802 libellum
1662 1727 1885 1829 aDavide')
1904 1734 2057 1814 editum,
2084 1735 2123 1802 in
2143 1759 2216 1828 quo
2232 1736 2268 1802 in

1279 1833 1457 1922 prioribus
1474 1834 1611 1926 paginis
1628 1837 1799 1928 quaedam
1819 1835 2021 1915 emendavi,
2039 1837 2096 1904 sed
2118 1857 2268 1929 sequen-

1280 1935 1326 2002 tia
1350 1950 1493 2026 propter
1515 1959 1634 2004 meum
1659 1937 1727 2006 iter
1749 1961 1822 2006 non
1849 1938 1950 2030 potui
1975 1949 2171 2011 contexere.
2228 1935 2266 2006 ln

1279 2032 1483 2128 Iicangaria
1509 2051 1691 2128 conspecta
1721 2051 1773 2107 est
1806 2040 1845 2107 in
1869 2044 1949 2110 aiire
1971 2061 2087 2130 pugna
2112 2041 2265 2108 duorum

1280 2135 1469 2226 agminum
1494 2153 1715 2228 serpentum,
1748 2139 1810 2234 qui
1840 2165 1875 2211 se
1898 2141 1947 2209 ita
1973 2141 2197 2226 lacerarunt,
2230 2153 2267 2210 ut

1278 2253 1441 2310 cruentae
1456 2254 1570 2330 partes
1586 2242 1800 2328 deciderint,
1825 2242 1926 2335 quasi
1947 2265 2020 2310 non
2037 2237 2184 2332 phasma
2207 2244 2265 2312 sed

1279 2366 1357 2410 vera
1375 2365 1521 2432 corpora
1537 2341 1679 2413 suerint.
1717 2341 2023 2440 Significatio‘non
2039 2345 2190 2414 obscura
2206 2358 2264 2417 est.

1277 2439 1433 2513 Oramus
1463 2441 1596 2512 Filium
1623 2441 1690 2513 Dei
1723 2442 1919 2516 Dominum
1950 2445 2264 2526 nostrumlesum

1276 2541 1458 2615 Christum
1473 2547 1654 2615 custodem
1672 2541 1847 2616 Ecclesiae
1860 2571 1961 2632 snae,
1985 2561 2024 2617 ut
2051 2571 2116 2616 nos
2140 2570 2262 2617 omnes

1276 2649 1447 2737 gubernet
1462 2660 1495 2716 et
1509 2661 1687 2738 protegat,
1708 2663 1741 2718 et
1755 2650 1800 2720 sit
1814 2642 1923 2749 λόγος
1938 2647 2061 2718 vivens
2079 2648 2118 2716 in
2135 2649 2263 2720 nostris

1276 2749 1498 2840 pectoribus,
1513 2762 1546 2818 et
1564 2750 1666 2821 faciat
1683 2774 1748 2820 nos
1762 2774 1842 2821 vasa
1857 2749 2131 2821 misericordiae.
2167 2749 2263 2821 Bene

1276 2851 1364 2921 vale.
1414 2847 1483 2920 Die
1508 2849 1566 2925 19.
1589 2849 1786 2950 Februarii.
1839 2853 1997 2926 Salutem
2022 2853 2124 2924 vobis
2146 2855 2263 2924 omni·

1275 2953 1340 3022 bus
1358 2968 1453 3046 opto.

238 3365 391 3458 publicis
412 3365 563 3452 negotiis
586 3359 681 3434 nihil
702 3364 853 3433 scribere
878 3387 1038 3452 possum,
1066 3361 1134 3432 nisi
1158 3365 1219 3434 ad·
1328 3412 1338 3434 .
1457 3411 1467 3433 .

238 3464 308 3538 huc
328 3489 384 3536 me
407 3467 573 3536 viciniam
590 3480 742 3536 vestram
761 3479 926 3538 metuere.
977 3455 1157 3534 Coloniae
1181 3465 1220 3534 iu

237 3571 325 3640 festo
342 3567 557 3658 Magnorum
572 3569 733 3640 mulieris
748 3566 854 3655 impie
873 3565 1140 3637 concionantem
1165 3589 1222 3636 sa·

117 3719 120 3726 ·
237 3671 432 3742 criliculum
450 3695 490 3739 ex
506 3672 637 3762 templo
653 3670 832 3740 eiecerunt
846 3667 1025 3754 scabellis,
1045 3681 1079 3740 et
1094 3669 1219 3739 vulne-

236 3785 371 3843 rarunt.
404 3775 405 3778 ’
424 3769 521 3860 Quid
542 3786 659 3862 postea
675 3771 841 3842 acciderit
854 3771 1015 3840 nondum
1039 3770 1132 3852 scio,
1159 3773 1218 3840 sed

237 3873 457 3964 impudentia
483 3897 700 3954 scurrarum,
734 3872 893 3966 quinon
918 3873 1084 3942 desinunt
1105 3872 1220 3944 mani-

236 3977 359 4046 festam
395 3977 577 4046 veritatem
620 3998 841 4066 oppugnare,
879 3975 1020 4044 tandem
1055 3973 1221 4058 irritabit,

232 4078 339 4168 ,etiam
362 4101 440 4162 eos,
466 4077 527 4170 qui
552 4103 569 4146 a
596 4075 699 4147 uobis
725 4075 898 4145 alienares
917 4077 1070 4148 suerunt.
1124 4073 1221 4146 Bene

235 4192 269 4248 et
283 4179 433 4249 feliciter
447 4179 536 4249 vale.
583 4176 650 4250 Die
671 4177 729 4252 18.
747 4175 944 4248 Februarii.

231 4600 298 4673 No.
312 4595 424 4673 5742.

237 4696 407 4728 Μ

1064 4611 1117 4674 19.
1131 4605 1219 4669 Febr.

1043 4693 1214 4724 Μ

549 4795 616 4887 Io.
639 4797 906 4904 Mattbesio.

297 4961 383 5040 Epist.
395 4961 443 5020 lib.
457 4963 490 5021 ll.
504 4981 532 5034 p.
548 4961 607 5017 108.
625 4963 679 5032 (ed.
691 4959 778 5021 bont.
792 4960 838 5018 lib.
851 4959 885 5016 ll.
900 4978 943 5033 ep.
955 4959 1024 5028 89.).

428 5111 1030 5202 Β.,11111111111111111111ιόῚ

210 5259 274 5346 ·.S
299 5275 342 5345 D.
392 5271 604 5345 Reverende
619 5273 675 5342 vir
696 5287 730 5343 et
744 5267 949 5344 charissime
973 5273 1100 5354 frater,
1134 5265 1210 5341 llo-

224 5377 283 5445 die
299 5399 338 5445 ex
354 5365 556 5476 Pannonia
580 5374 784 5446 fasciculum
809 5375 989 5445 literarum
1012 5373 1147 5466 accepi,
1174 5375 1212 5442 in

1273 3573 1487 3663 Stilleras
1514 3589 1562 3662 et
1595 3575 1845 3694 Soblapeolr
1870 3575 1936 3664 ad
1962 3577 2189 3670 Melania.
2217 3595 2263 3669 ct

1661 3689 1877 3778 Eberam.

1340 3865 1414 3933 ·1·Er
1433 3867 1599 3941 autographo
1616 3869 1643 3922 iu
1659 3867 1722 3922 eod.
1736 3865 1818 3922 Goth.
1835 3867 1893 3922 tat.
1915 3868 1945 3922 in
1959 3867 2010 3923 tot.
2028 3891 2056 3945 p.
2070 3873 2129 3928 169.
2146 3903 2182 3916 -
2218 3874 2261 3932 En

1373 3954 1532 4007 responsum
1548 3939 1581 3993 ad
1598 3935 1739 4010 epistolem
1755 3955 1836 4008 supra
1850 3937 1878 3992 tl·
1893 3937 2081 4000 (18101111.
2094 3943 2173 4000 1⁵54.

1274 4087 1478 4179 Doctrina,
1502 4092 1636 4192 pietate
1655 4104 1686 4166 et
1701 4093 1909 4165 innocentia
1928 4095 2023 4169 vitae
2039 4096 2260 4175 clarissimis

1274 4193 1363 4263 viris
1396 4203 1426 4264 et
1457 4192 1653 4283 Dominis,
1691 4189 1920 4296 Philippo
1952 4197 2262 4276 Melanthoni

1274 4305 1304 4364 et
1331 4289 1457 4366 Paal
1465 4322 1485 4366 o
1501 4295 1541 4366 E
1548 4296 1672 4384 bero,
1695 4299 1892 4396 praesectis
1910 4299 2127 4374 Academiae
2151 4303 2261 4378 Wit-

1274 4395 1550 4494 tembergensis,
1574 4395 1753 4470 Dominis
1769 4410 1800 4469 et
1813 4403 2105 4498 praeceptoribus
2121 4409 2259 4480 nostris

1477 4505 1481 4512 ’
1594 4495 1934 4578 Reverendissimis.

1274 4633 1403 4720 Gratia
1425 4663 1459 4721 et
1477 4675 1545 4742 pax
1566 4675 1586 4722 a
1603 4648 1678 4721 Deo
1702 4666 1800 4743 patre
1818 4663 1853 4722 et
1866 4651 2165 4728 domino-nostro
2184 4657 2260 4730 lesu

1271 4748 1424 4822 Christo.
1475 4749 1686 4845 Accepimus
1711 4753 1829 4825 literas
1851 4767 2000 4840 vestras,
2029 4757 2085 4830 18.
2108 4756 2260 4830 Decem-

1272 4849 1413 4948 bris¹),
1449 4868 1594 4944 propter
1615 4855 1724 4924 ritum
1750 4851 1982 4941 elevationis,
2012 4881 2117 4950 quem
2142 4857 2261 4932 hacte-

1271 4977 1338 5024 nus
1354 4953 1391 5022 iu
1409 4955 1538 5025 nostris
1553 4958 1818 5026 observavimus
1840 4958 1995 5028 ecclesiis
2016 4961 2060 5028 ad
2086 4985 2153 5032 nos
2173 4965 2261 5033 scri·

1270 5068 1364 5144 ptas,
1390 5055 1460 5126 viri
1479 5058 1665 5128 reverendi
1690 5072 1725 5130 et
1744 5073 1987 5162 praeceptores
2008 5061 2260 5158 observandis·
2322 5107 2323 5110 =

1264 5225 1490 5241 m

1298 5312 1325 5380 1)
1344 5311 1611 5383 Daviderytrseo,
1628 5309 1707 5368 videl.
1720 5309 1822 5367 librum
1838 5311 1872 5366 de
1882 5309 2069 5368 matrimonio.

1301 5399 1328 5452 ll
1347 5395 1482 5457 Mandane
1496 5411 1561 5470 pro:
1585 5392 1629 5449 81.
1646 5394 1749 5452 Decbr.
