<?xml version="1.0" encoding="UTF-8"?>
<!DOCTYPE html PUBLIC "-//W3C//DTD XHTML 1.0 Transitional//EN"
    "http://www.w3.org/TR/xhtml1/DTD/xhtml1-transitional.dtd">
<html xmlns="http://www.w3.org/1999/xhtml" xml:lang="en" lang="en">
 <head>
  <title>
</title>
<meta http-equiv="Content-Type" content="text/html;charset=utf-8" />
  <meta name='ocr-system' content='tesseract 3.04.00' />
  <meta name='ocr-capabilities' content='ocr_page ocr_carea ocr_par ocr_line ocrx_word'/>
</head>
<body>
  <div class='ocr_page' id='page_1' title='image "./corpusreformato22melagoog/corpusreformato22melagoog_0175.png"; bbox 0 0 4712 5828; ppageno 0'>
   <div class='ocr_carea' id='block_1_1' title="bbox 239 177 1689 278">
    <p class='ocr_par' dir='ltr' id='par_1_1' title="bbox 239 177 1689 278">
     <span class='ocr_line' id='line_1_1' title="bbox 239 177 1689 278; baseline -0.011 -4"><span class='ocrx_word' id='word_1_1' title='bbox 239 193 315 278; x_wconf 77' lang='lat'>295</span> <span class='ocrx_word' id='word_1_2' title='bbox 815 179 1262 266; x_wconf 55' lang='lat' dir='ltr'>EPISTOLARUM.</span> <span class='ocrx_word' id='word_1_3' title='bbox 1290 179 1396 256; x_wconf 70' lang='grc' dir='ltr'>[ΑΒ.</span> <span class='ocrx_word' id='word_1_4' title='bbox 1421 177 1502 256; x_wconf 85' lang='lat' dir='ltr'>Xll.</span> <span class='ocrx_word' id='word_1_5' title='bbox 1556 181 1689 260; x_wconf 70' lang='lat'><strong>1554.</strong></span> 
     </span>
    </p>
   </div>
   <div class='ocr_carea' id='block_1_2' title="bbox 1279 182 2338 1052">
    <p class='ocr_par' dir='ltr' id='par_1_2' title="bbox 1279 144 2338 1052">
     <span class='ocr_line' id='line_1_2' title="bbox 2196 182 2272 256; baseline 0 92"><span class='ocrx_word' id='word_1_6' title='bbox 2196 182 2272 256; x_wconf 77' lang='lat'>²⁹⁶</span> 
     </span>
     <span class='ocr_line' id='line_1_3' title="bbox 1279 351 2272 446; baseline 0 -24"><span class='ocrx_word' id='word_1_7' title='bbox 1279 363 1354 436; x_wconf 91' lang='lat' dir='ltr'>tur,</span> <span class='ocrx_word' id='word_1_8' title='bbox 1379 351 1685 446; x_wconf 88' lang='lat' dir='ltr'>colloquerentur,</span> <span class='ocrx_word' id='word_1_9' title='bbox 1711 363 1745 426; x_wconf 88' lang='lat' dir='ltr'>et</span> <span class='ocrx_word' id='word_1_10' title='bbox 1767 353 1999 426; x_wconf 75' lang='lat' dir='ltr'>convenirent</span> <span class='ocrx_word' id='word_1_11' title='bbox 2023 354 2068 424; x_wconf 90' lang='lat' dir='ltr'>de</span> <span class='ocrx_word' id='word_1_12' title='bbox 2092 367 2190 426; x_wconf 88' lang='lat' dir='ltr'>certo</span> <span class='ocrx_word' id='word_1_13' title='bbox 2215 379 2272 423; x_wconf 89' lang='lat' dir='ltr'>re-</span> 
     </span>
     <span class='ocr_line' id='line_1_4' title="bbox 1279 453 2273 546; baseline 0.002 -24"><span class='ocrx_word' id='word_1_14' title='bbox 1279 475 1420 544; x_wconf 86' lang='lat' dir='ltr'>sponso</span> <span class='ocrx_word' id='word_1_15' title='bbox 1433 455 1551 524; x_wconf 82' lang='lat' dir='ltr'>dando</span> <span class='ocrx_word' id='word_1_16' title='bbox 1575 453 1736 542; x_wconf 75' lang='lat' dir='ltr'>Caesari,</span> <span class='ocrx_word' id='word_1_17' title='bbox 1761 455 1792 526; x_wconf 88' lang='lat' dir='ltr'>sl</span> <span class='ocrx_word' id='word_1_18' title='bbox 1814 481 1880 526; x_wconf 91' lang='lat' dir='ltr'>nos</span> <span class='ocrx_word' id='word_1_19' title='bbox 1902 480 2024 528; x_wconf 88' lang='lat' dir='ltr'>rursus</span> <span class='ocrx_word' id='word_1_20' title='bbox 2039 457 2084 526; x_wconf 89' lang='lat' dir='ltr'>de</span> <span class='ocrx_word' id='word_1_21' title='bbox 2099 455 2273 546; x_wconf 82' lang='lat' dir='ltr'>religione</span> 
     </span>
     <span class='ocr_line' id='line_1_5' title="bbox 1279 556 2274 651; baseline 0.004 -29"><span class='ocrx_word' id='word_1_22' title='bbox 1279 557 1449 626; x_wconf 88' lang='lat' dir='ltr'>mutanda</span> <span class='ocrx_word' id='word_1_23' title='bbox 1473 556 1699 648; x_wconf 71' lang='lat' dir='ltr'>interpellem</span> <span class='ocrx_word' id='word_1_24' title='bbox 1722 558 1844 644; x_wconf 89' lang='lat' dir='ltr'>vellet;</span> <span class='ocrx_word' id='word_1_25' title='bbox 1874 559 1971 651; x_wconf 92' lang='lat' dir='ltr'>quod</span> <span class='ocrx_word' id='word_1_26' title='bbox 1992 558 2095 630; x_wconf 87' lang='lat' dir='ltr'>brevi</span> <span class='ocrx_word' id='word_1_27' title='bbox 2110 559 2274 628; x_wconf 86' lang='lat' dir='ltr'>futurum</span> 
     </span>
     <span class='ocr_line' id='line_1_6' title="bbox 1280 653 2275 750; baseline 0.001 -24"><span class='ocrx_word' id='word_1_28' title='bbox 1280 656 1466 730; x_wconf 89' lang='lat' dir='ltr'>timebant.</span> <span class='ocrx_word' id='word_1_29' title='bbox 1500 653 1577 746; x_wconf 81' lang='lat' dir='ltr'>Ego</span> <span class='ocrx_word' id='word_1_30' title='bbox 1593 671 1712 728; x_wconf 89' lang='lat' dir='ltr'>tamen</span> <span class='ocrx_word' id='word_1_31' title='bbox 1726 673 1843 750; x_wconf 91' lang='lat' dir='ltr'>postea</span> <span class='ocrx_word' id='word_1_32' title='bbox 1861 660 2025 750; x_wconf 90' lang='lat' dir='ltr'>privatim</span> <span class='ocrx_word' id='word_1_33' title='bbox 2041 685 2122 728; x_wconf 92' lang='lat' dir='ltr'>cum</span> <span class='ocrx_word' id='word_1_34' title='bbox 2138 657 2186 732; x_wconf 95' lang='lat' dir='ltr'>D.</span> <span class='ocrx_word' id='word_1_35' title='bbox 2203 658 2275 728; x_wconf 82' lang='lat' dir='ltr'>Va-</span> 
     </span>
     <span class='ocr_line' id='line_1_7' title="bbox 1281 751 2276 852; baseline 0.002 -26"><span class='ocrx_word' id='word_1_36' title='bbox 1281 759 1416 828; x_wconf 90' lang='lat' dir='ltr'>lentino</span> <span class='ocrx_word' id='word_1_37' title='bbox 1434 751 1553 828; x_wconf 82' lang='lat' dir='ltr'>Pareo</span> <span class='ocrx_word' id='word_1_38' title='bbox 1567 759 1723 846; x_wconf 91' lang='lat' dir='ltr'>locutus,</span> <span class='ocrx_word' id='word_1_39' title='bbox 1747 760 1924 846; x_wconf 76' lang='lat' dir='ltr'>intellexi,</span> <span class='ocrx_word' id='word_1_40' title='bbox 1946 757 2142 852; x_wconf 87' lang='lat' dir='ltr'>Episcopus</span> <span class='ocrx_word' id='word_1_41' title='bbox 2158 759 2276 830; x_wconf 90' lang='lat' dir='ltr'>Mers-</span> 
     </span>
     <span class='ocr_line' id='line_1_8' title="bbox 1281 857 2338 960; baseline 0.002 -32"><span class='ocrx_word' id='word_1_42' title='bbox 1281 861 1538 950; x_wconf 90' lang='lat' dir='ltr'>deburgeusem</span> <span class='ocrx_word' id='word_1_43' title='bbox 1573 877 1608 934; x_wconf 92' lang='lat' dir='ltr'>et</span> <span class='ocrx_word' id='word_1_44' title='bbox 1633 877 1795 934; x_wconf 89' lang='lat' dir='ltr'>nostrum</span> <span class='ocrx_word' id='word_1_45' title='bbox 1828 857 1936 934; x_wconf 88' lang='lat' dir='ltr'>buius</span> <span class='ocrx_word' id='word_1_46' title='bbox 1970 876 2167 932; x_wconf 85' lang='lat' dir='ltr'>conventus</span> <span class='ocrx_word' id='word_1_47' title='bbox 2201 887 2275 930; x_wconf 93' lang='lat' dir='ltr'>non</span> <span class='ocrx_word' id='word_1_48' title='bbox 2337 911 2338 960; x_wconf 65' lang='lat'>,</span> 
     </span>
     <span class='ocr_line' id='line_1_9' title="bbox 1281 960 2274 1052; baseline 0.002 -22"><span class='ocrx_word' id='word_1_49' title='bbox 1281 961 1389 1030; x_wconf 85' lang='lat' dir='ltr'>luisse</span> <span class='ocrx_word' id='word_1_50' title='bbox 1412 963 1565 1052; x_wconf 84' lang='lat' dir='ltr'>ignaros.</span> <span class='ocrx_word' id='word_1_51' title='bbox 1615 960 1707 1034; x_wconf 87' lang='lat' dir='ltr'>Cum</span> <span class='ocrx_word' id='word_1_52' title='bbox 1731 977 1849 1034; x_wconf 89' lang='lat' dir='ltr'>autern</span> <span class='ocrx_word' id='word_1_53' title='bbox 1870 965 1964 1034; x_wconf 91' lang='lat' dir='ltr'>ultra</span> <span class='ocrx_word' id='word_1_54' title='bbox 1980 977 2059 1034; x_wconf 89' lang='lat' dir='ltr'>octo</span> <span class='ocrx_word' id='word_1_55' title='bbox 2074 967 2151 1034; x_wconf 90' lang='lat' dir='ltr'>dies</span> <span class='ocrx_word' id='word_1_56' title='bbox 2169 961 2274 1032; x_wconf 89' lang='lat' dir='ltr'>Pala-</span> 
     </span>
    </p>
   </div>
   <div class='ocr_carea' id='block_1_3' title="bbox 1283 1061 2339 1156">
    <p class='ocr_par' dir='ltr' id='par_1_3' title="bbox 1283 1061 2339 1156">
     <span class='ocr_line' id='line_1_10' title="bbox 1283 1061 2339 1156; baseline 0.008 -26"><span class='ocrx_word' id='word_1_57' title='bbox 1283 1063 1439 1134; x_wconf 88' lang='lat' dir='ltr'>tinorum</span> <span class='ocrx_word' id='word_1_58' title='bbox 1460 1061 1880 1156; x_wconf 86' lang='lat' dir='ltr'>etWirtenhergensium</span> <span class='ocrx_word' id='word_1_59' title='bbox 1897 1069 2102 1152; x_wconf 86' lang='lat' dir='ltr'>adventum,</span> <span class='ocrx_word' id='word_1_60' title='bbox 2125 1079 2168 1136; x_wconf 94' lang='lat' dir='ltr'>ut</span> <span class='ocrx_word' id='word_1_61' title='bbox 2182 1066 2274 1134; x_wconf 85' lang='lat' dir='ltr'>sere-</span> <span class='ocrx_word' id='word_1_62' title='bbox 2338 1062 2339 1138; x_wconf 83' lang='lat' dir='ltr'>l</span> 
     </span>
    </p>
   </div>
   <div class='ocr_carea' id='block_1_4' title="bbox 119 355 1229 1174">
    <p class='ocr_par' dir='ltr' id='par_1_4' title="bbox 244 355 1227 458">
     <span class='ocr_line' id='line_1_11' title="bbox 244 355 1227 458; baseline -0.019 -14"><span class='ocrx_word' id='word_1_63' title='bbox 244 373 333 458; x_wconf 89' lang='lat' dir='ltr'>slae,</span> <span class='ocrx_word' id='word_1_64' title='bbox 358 383 481 442; x_wconf 89' lang='lat' dir='ltr'>natum</span> <span class='ocrx_word' id='word_1_65' title='bbox 505 368 544 453; x_wconf 88' lang='lat' dir='ltr'>in</span> <span class='ocrx_word' id='word_1_66' title='bbox 567 363 701 438; x_wconf 85' lang='lat' dir='ltr'>familia</span> <span class='ocrx_word' id='word_1_67' title='bbox 721 364 875 458; x_wconf 72' lang='lat' dir='ltr'>equestri</span> <span class='ocrx_word' id='word_1_68' title='bbox 889 363 1002 454; x_wconf 84' lang='lat' dir='ltr'>gentis</span> <span class='ocrx_word' id='word_1_69' title='bbox 1018 355 1227 432; x_wconf 85' lang='lat' dir='ltr'>Pomerani-</span> 
     </span>
    </p>

    <p class='ocr_par' dir='ltr' id='par_1_5' title="bbox 243 459 1227 546">
     <span class='ocr_line' id='line_1_12' title="bbox 243 459 1227 546; baseline -0.014 -2"><span class='ocrx_word' id='word_1_70' title='bbox 243 499 313 546; x_wconf 87' lang='lat' dir='ltr'>cae.</span> <span class='ocrx_word' id='word_1_71' title='bbox 371 470 541 542; x_wconf 89' lang='lat' dir='ltr'>Nondum</span> <span class='ocrx_word' id='word_1_72' title='bbox 560 471 723 541; x_wconf 88' lang='lat' dir='ltr'>viderant</span> <span class='ocrx_word' id='word_1_73' title='bbox 742 459 932 536; x_wconf 85' lang='lat' dir='ltr'>Inachimi</span> <span class='ocrx_word' id='word_1_74' title='bbox 949 459 1116 536; x_wconf 87' lang='lat' dir='ltr'>Morlini</span> <span class='ocrx_word' id='word_1_75' title='bbox 1141 461 1227 531; x_wconf 88' lang='lat' dir='ltr'>scri-</span> 
     </span>
    </p>

    <p class='ocr_par' dir='ltr' id='par_1_6' title="bbox 165 560 1228 765">
     <span class='ocr_line' id='line_1_13' title="bbox 165 560 1228 667; baseline -0.015 -20"><span class='ocrx_word' id='word_1_76' title='bbox 165 583 176 603; x_wconf 92' lang='lat'>&#39;</span> <span class='ocrx_word' id='word_1_77' title='bbox 244 589 342 667; x_wconf 90' lang='lat' dir='ltr'>ptum</span> <span class='ocrx_word' id='word_1_78' title='bbox 365 575 408 644; x_wconf 91' lang='lat' dir='ltr'>de</span> <span class='ocrx_word' id='word_1_79' title='bbox 430 572 668 644; x_wconf 89' lang='lat' dir='ltr'>controversia</span> <span class='ocrx_word' id='word_1_80' title='bbox 688 560 894 650; x_wconf 86' lang='lat' dir='ltr'>Osiandri,</span> <span class='ocrx_word' id='word_1_81' title='bbox 921 593 1000 638; x_wconf 89' lang='lat' dir='ltr'>cum</span> <span class='ocrx_word' id='word_1_82' title='bbox 1018 569 1063 636; x_wconf 88' lang='lat' dir='ltr'>ad</span> <span class='ocrx_word' id='word_1_83' title='bbox 1079 588 1151 636; x_wconf 80' lang='lat' dir='ltr'>nos</span> <span class='ocrx_word' id='word_1_84' title='bbox 1167 587 1228 632; x_wconf 86' lang='lat' dir='ltr'>ve-</span> 
     </span>
     <span class='ocr_line' id='line_1_14' title="bbox 243 665 1228 765; baseline -0.012 -19"><span class='ocrx_word' id='word_1_85' title='bbox 243 679 396 762; x_wconf 89' lang='lat' dir='ltr'>nissent,</span> <span class='ocrx_word' id='word_1_86' title='bbox 422 688 455 744; x_wconf 92' lang='lat' dir='ltr'>et</span> <span class='ocrx_word' id='word_1_87' title='bbox 469 675 667 765; x_wconf 85' lang='lat' dir='ltr'>exemplum</span> <span class='ocrx_word' id='word_1_88' title='bbox 681 671 762 740; x_wconf 91' lang='lat' dir='ltr'>libri</span> <span class='ocrx_word' id='word_1_89' title='bbox 779 673 954 762; x_wconf 89' lang='lat' dir='ltr'>petebant.</span> <span class='ocrx_word' id='word_1_90' title='bbox 988 667 1112 738; x_wconf 89' lang='lat' dir='ltr'>Meum</span> <span class='ocrx_word' id='word_1_91' title='bbox 1129 665 1228 736; x_wconf 94' lang='lat' dir='ltr'>codi-</span> 
     </span>
    </p>

    <p class='ocr_par' dir='ltr' id='par_1_7' title="bbox 244 767 1228 866">
     <span class='ocr_line' id='line_1_15' title="bbox 244 767 1228 866; baseline -0.018 -16"><span class='ocrx_word' id='word_1_92' title='bbox 244 805 318 866; x_wconf 84' lang='lat' dir='ltr'>cem</span> <span class='ocrx_word' id='word_1_93' title='bbox 336 777 465 848; x_wconf 89' lang='lat' dir='ltr'>tradidi</span> <span class='ocrx_word' id='word_1_94' title='bbox 480 773 638 846; x_wconf 91' lang='lat' dir='ltr'>Domino</span> <span class='ocrx_word' id='word_1_95' title='bbox 653 767 814 848; x_wconf 88' lang='lat' dir='ltr'>Pastori.</span> <span class='ocrx_word' id='word_1_96' title='bbox 865 771 905 843; x_wconf 87' lang='lat' dir='ltr'>si</span> <span class='ocrx_word' id='word_1_97' title='bbox 927 771 1036 861; x_wconf 85' lang='lat' dir='ltr'>igitur</span> <span class='ocrx_word' id='word_1_98' title='bbox 1050 770 1145 862; x_wconf 92' lang='lat' dir='ltr'>apud</span> <span class='ocrx_word' id='word_1_99' title='bbox 1167 787 1228 836; x_wconf 86' lang='lat' dir='ltr'>vos</span> 
     </span>
    </p>

    <p class='ocr_par' dir='ltr' id='par_1_8' title="bbox 119 867 1228 1066">
     <span class='ocr_line' id='line_1_16' title="bbox 119 867 1228 974; baseline -0.014 -22"><span class='ocrx_word' id='word_1_100' title='bbox 119 905 122 910; x_wconf 83' lang='lat'>&#39;</span> <span class='ocrx_word' id='word_1_101' title='bbox 244 893 415 974; x_wconf 83' lang='lat' dir='ltr'>quaerent</span> <span class='ocrx_word' id='word_1_102' title='bbox 428 878 644 968; x_wconf 90' lang='lat' dir='ltr'>exemplum,</span> <span class='ocrx_word' id='word_1_103' title='bbox 672 889 807 966; x_wconf 91' lang='lat' dir='ltr'>petatur</span> <span class='ocrx_word' id='word_1_104' title='bbox 822 899 920 944; x_wconf 91' lang='lat' dir='ltr'>meus</span> <span class='ocrx_word' id='word_1_105' title='bbox 939 875 1047 942; x_wconf 88' lang='lat' dir='ltr'>codex</span> <span class='ocrx_word' id='word_1_106' title='bbox 1061 897 1080 942; x_wconf 87' lang='lat' dir='ltr'>a</span> <span class='ocrx_word' id='word_1_107' title='bbox 1095 872 1143 944; x_wconf 93' lang='lat' dir='ltr'>D.</span> <span class='ocrx_word' id='word_1_108' title='bbox 1159 867 1228 938; x_wconf 88' lang='lat' dir='ltr'>Pa-</span> 
     </span>
     <span class='ocr_line' id='line_1_17' title="bbox 243 969 1228 1066; baseline -0.012 -14"><span class='ocrx_word' id='word_1_109' title='bbox 243 997 349 1054; x_wconf 89' lang='lat' dir='ltr'>store.</span> <span class='ocrx_word' id='word_1_110' title='bbox 399 977 531 1050; x_wconf 84' lang='lat' dir='ltr'>Eadem</span> <span class='ocrx_word' id='word_1_111' title='bbox 548 981 591 1048; x_wconf 92' lang='lat' dir='ltr'>de</span> <span class='ocrx_word' id='word_1_112' title='bbox 607 1003 644 1047; x_wconf 91' lang='lat' dir='ltr'>re</span> <span class='ocrx_word' id='word_1_113' title='bbox 658 979 702 1048; x_wconf 94' lang='lat' dir='ltr'>ad</span> <span class='ocrx_word' id='word_1_114' title='bbox 716 969 878 1046; x_wconf 84' lang='lat' dir='ltr'>Paulum</span> <span class='ocrx_word' id='word_1_115' title='bbox 899 975 1034 1066; x_wconf 87' lang='lat' dir='ltr'>scripsi.</span> <span class='ocrx_word' id='word_1_116' title='bbox 1086 971 1228 1062; x_wconf 83' lang='lat' dir='ltr'>Quaeso</span> 
     </span>
    </p>

    <p class='ocr_par' dir='ltr' id='par_1_9' title="bbox 244 1067 1229 1174">
     <span class='ocr_line' id='line_1_18' title="bbox 244 1067 1229 1174; baseline -0.013 -20"><span class='ocrx_word' id='word_1_117' title='bbox 244 1097 284 1154; x_wconf 91' lang='lat' dir='ltr'>ut</span> <span class='ocrx_word' id='word_1_118' title='bbox 300 1077 484 1174; x_wconf 86' lang='lat' dir='ltr'>hospitalia</span> <span class='ocrx_word' id='word_1_119' title='bbox 500 1081 614 1151; x_wconf 87' lang='lat' dir='ltr'>officia</span> <span class='ocrx_word' id='word_1_120' title='bbox 631 1075 713 1148; x_wconf 92' lang='lat' dir='ltr'>huic</span> <span class='ocrx_word' id='word_1_121' title='bbox 726 1079 832 1148; x_wconf 83' lang='lat' dir='ltr'>veteri</span> <span class='ocrx_word' id='word_1_122' title='bbox 850 1079 963 1147; x_wconf 90' lang='lat' dir='ltr'>amico</span> <span class='ocrx_word' id='word_1_123' title='bbox 979 1067 1229 1146; x_wconf 90' lang='lat' dir='ltr'>nostroD.Ia-</span> 
     </span>
    </p>
   </div>
   <div class='ocr_carea' id='block_1_5' title="bbox 151 1176 1232 1780">
    <p class='ocr_par' dir='ltr' id='par_1_10' title="bbox 151 1176 1232 1780">
     <span class='ocr_line' id='line_1_19' title="bbox 246 1176 1230 1272; baseline -0.015 -16"><span class='ocrx_word' id='word_1_124' title='bbox 246 1183 331 1256; x_wconf 83' lang='lat' dir='ltr'>coho</span> <span class='ocrx_word' id='word_1_125' title='bbox 346 1183 519 1256; x_wconf 92' lang='lat' dir='ltr'>tribuatis.</span> <span class='ocrx_word' id='word_1_126' title='bbox 572 1181 682 1252; x_wconf 90' lang='lat' dir='ltr'>Panlo</span> <span class='ocrx_word' id='word_1_127' title='bbox 701 1181 841 1272; x_wconf 88' lang='lat' dir='ltr'>scripsi,</span> <span class='ocrx_word' id='word_1_128' title='bbox 865 1193 905 1250; x_wconf 95' lang='lat' dir='ltr'>ut</span> <span class='ocrx_word' id='word_1_129' title='bbox 918 1180 1100 1248; x_wconf 86' lang='lat' dir='ltr'>vobiscum</span> <span class='ocrx_word' id='word_1_130' title='bbox 1124 1177 1170 1245; x_wconf 91' lang='lat' dir='ltr'>sit</span> <span class='ocrx_word' id='word_1_131' title='bbox 1191 1176 1230 1242; x_wconf 93' lang='lat' dir='ltr'>in</span> 
     </span>
     <span class='ocr_line' id='line_1_20' title="bbox 245 1275 1231 1376; baseline -0.013 -19"><span class='ocrx_word' id='word_1_132' title='bbox 245 1311 353 1357; x_wconf 89' lang='lat' dir='ltr'>coena</span> <span class='ocrx_word' id='word_1_133' title='bbox 372 1300 406 1356; x_wconf 91' lang='lat' dir='ltr'>et</span> <span class='ocrx_word' id='word_1_134' title='bbox 420 1283 580 1376; x_wconf 89' lang='lat' dir='ltr'>prandio.</span> <span class='ocrx_word' id='word_1_135' title='bbox 616 1281 733 1352; x_wconf 88' lang='lat' dir='ltr'>Tuam</span> <span class='ocrx_word' id='word_1_136' title='bbox 749 1283 931 1372; x_wconf 88' lang='lat' dir='ltr'>epistolam</span> <span class='ocrx_word' id='word_1_137' title='bbox 946 1275 1023 1348; x_wconf 86' lang='lat' dir='ltr'>hori</span> <span class='ocrx_word' id='word_1_138' title='bbox 1039 1279 1166 1369; x_wconf 84' lang='lat' dir='ltr'>accepi,</span> <span class='ocrx_word' id='word_1_139' title='bbox 1192 1277 1231 1346; x_wconf 94' lang='lat' dir='ltr'>in</span> 
     </span>
     <span class='ocr_line' id='line_1_21' title="bbox 151 1377 1230 1482; baseline -0.01 -23"><span class='ocrx_word' id='word_1_140' title='bbox 151 1410 152 1414; x_wconf 75' lang='grc'>’</span> <span class='ocrx_word' id='word_1_141' title='bbox 246 1403 404 1482; x_wconf 89' lang='lat' dir='ltr'>quaerat</span> <span class='ocrx_word' id='word_1_142' title='bbox 422 1385 621 1456; x_wconf 90' lang='lat' dir='ltr'>dulcissima</span> <span class='ocrx_word' id='word_1_143' title='bbox 637 1385 792 1452; x_wconf 87' lang='lat' dir='ltr'>narratio</span> <span class='ocrx_word' id='word_1_144' title='bbox 809 1387 852 1452; x_wconf 92' lang='lat' dir='ltr'>de</span> <span class='ocrx_word' id='word_1_145' title='bbox 867 1382 977 1451; x_wconf 87' lang='lat' dir='ltr'>filiolo</span> <span class='ocrx_word' id='word_1_146' title='bbox 995 1394 1127 1450; x_wconf 90' lang='lat' dir='ltr'>nostro.</span> <span class='ocrx_word' id='word_1_147' title='bbox 1177 1377 1230 1448; x_wconf 89' lang='lat' dir='ltr'>De</span> 
     </span>
     <span class='ocr_line' id='line_1_22' title="bbox 245 1479 1231 1578; baseline -0.013 -17"><span class='ocrx_word' id='word_1_148' title='bbox 245 1489 389 1561; x_wconf 88' lang='lat' dir='ltr'>caeteris</span> <span class='ocrx_word' id='word_1_149' title='bbox 411 1511 540 1560; x_wconf 87' lang='lat' dir='ltr'>coram.</span> <span class='ocrx_word' id='word_1_150' title='bbox 598 1485 710 1578; x_wconf 89' lang='lat' dir='ltr'>Spero</span> <span class='ocrx_word' id='word_1_151' title='bbox 736 1486 828 1552; x_wconf 77' lang='lat' dir='ltr'>eninr</span> <span class='ocrx_word' id='word_1_152' title='bbox 856 1508 921 1554; x_wconf 91' lang='lat' dir='ltr'>nos</span> <span class='ocrx_word' id='word_1_153' title='bbox 942 1483 1101 1573; x_wconf 85' lang='lat' dir='ltr'>proxima</span> <span class='ocrx_word' id='word_1_154' title='bbox 1123 1479 1231 1571; x_wconf 90' lang='lat' dir='ltr'>septi-</span> 
     </span>
     <span class='ocr_line' id='line_1_23' title="bbox 246 1581 1232 1668; baseline -0.011 -5"><span class='ocrx_word' id='word_1_155' title='bbox 246 1616 349 1662; x_wconf 87' lang='lat' dir='ltr'>mana</span> <span class='ocrx_word' id='word_1_156' title='bbox 371 1593 546 1660; x_wconf 90' lang='lat' dir='ltr'>redituros</span> <span class='ocrx_word' id='word_1_157' title='bbox 570 1611 654 1661; x_wconf 89' lang='lat' dir='ltr'>esse.</span> <span class='ocrx_word' id='word_1_158' title='bbox 705 1583 782 1656; x_wconf 91' lang='lat' dir='ltr'>Oro</span> <span class='ocrx_word' id='word_1_159' title='bbox 806 1587 918 1656; x_wconf 87' lang='lat' dir='ltr'>filium</span> <span class='ocrx_word' id='word_1_160' title='bbox 942 1581 1024 1668; x_wconf 90' lang='lat' dir='ltr'>Dei,</span> <span class='ocrx_word' id='word_1_161' title='bbox 1050 1598 1091 1656; x_wconf 93' lang='lat' dir='ltr'>ut</span> <span class='ocrx_word' id='word_1_162' title='bbox 1112 1607 1174 1652; x_wconf 88' lang='lat' dir='ltr'>vos</span> <span class='ocrx_word' id='word_1_163' title='bbox 1198 1595 1232 1652; x_wconf 91' lang='lat' dir='ltr'>et</span> 
     </span>
     <span class='ocr_line' id='line_1_24' title="bbox 247 1685 1231 1780; baseline -0.006 -18"><span class='ocrx_word' id='word_1_164' title='bbox 247 1720 311 1764; x_wconf 92' lang='lat' dir='ltr'>nos</span> <span class='ocrx_word' id='word_1_165' title='bbox 332 1707 445 1764; x_wconf 89' lang='lat' dir='ltr'>servet</span> <span class='ocrx_word' id='word_1_166' title='bbox 468 1704 502 1760; x_wconf 92' lang='lat' dir='ltr'>et</span> <span class='ocrx_word' id='word_1_167' title='bbox 526 1691 708 1780; x_wconf 84' lang='lat' dir='ltr'>gubernet.</span> <span class='ocrx_word' id='word_1_168' title='bbox 765 1685 860 1758; x_wconf 87' lang='lat' dir='ltr'>Bene</span> <span class='ocrx_word' id='word_1_169' title='bbox 883 1701 917 1758; x_wconf 91' lang='lat' dir='ltr'>et</span> <span class='ocrx_word' id='word_1_170' title='bbox 936 1686 1085 1758; x_wconf 79' lang='lat' dir='ltr'>feliciter</span> <span class='ocrx_word' id='word_1_171' title='bbox 1110 1687 1231 1756; x_wconf 88' lang='lat' dir='ltr'>valete.</span> 
     </span>
    </p>
   </div>
   <div class='ocr_carea' id='block_1_6' title="bbox 246 1791 576 1867">
    <p class='ocr_par' dir='ltr' id='par_1_11' title="bbox 246 1791 576 1867">
     <span class='ocr_line' id='line_1_25' title="bbox 246 1791 576 1867; baseline 0 -1"><span class='ocrx_word' id='word_1_172' title='bbox 246 1794 313 1866; x_wconf 90' lang='lat' dir='ltr'>Die</span> <span class='ocrx_word' id='word_1_173' title='bbox 328 1791 461 1867; x_wconf 83' lang='lat' dir='ltr'>xxlv.</span> <span class='ocrx_word' id='word_1_174' title='bbox 474 1791 576 1866; x_wconf 87' lang='lat' dir='ltr'>Maii.</span> 
     </span>
    </p>
   </div>
   <div class='ocr_carea' id='block_1_7' title="bbox 259 2128 457 2205">
    <p class='ocr_par' dir='ltr' id='par_1_12' title="bbox 259 2128 457 2205">
     <span class='ocr_line' id='line_1_26' title="bbox 259 2128 457 2205; baseline 0.01 -3"><span class='ocrx_word' id='word_1_175' title='bbox 259 2131 327 2203; x_wconf 90' lang='lat' dir='ltr'>No.</span> <span class='ocrx_word' id='word_1_176' title='bbox 344 2128 457 2205; x_wconf 84' lang='lat'><strong>6611.</strong></span> 
     </span>
    </p>
   </div>
   <div class='ocr_carea' id='block_1_8' title="bbox 249 2229 476 2260">
    <p class='ocr_par' dir='ltr' id='par_1_13' title="bbox 249 2229 476 2260">
     <span class='ocr_line' id='line_1_27' title="bbox 249 2229 476 2260; baseline 0.009 -2"><span class='ocrx_word' id='word_1_177' title='bbox 249 2229 476 2260; x_wconf 53' lang='lat' dir='ltr'>m</span> 
     </span>
    </p>
   </div>
   <div class='ocr_carea' id='block_1_9' title="bbox 855 2130 1234 2218">
    <p class='ocr_par' dir='ltr' id='par_1_14' title="bbox 855 2130 1234 2218">
     <span class='ocr_line' id='line_1_28' title="bbox 855 2130 1234 2218; baseline -0.037 -13"><span class='ocrx_word' id='word_1_178' title='bbox 855 2138 901 2218; x_wconf 81' lang='lat' dir='ltr'>(d.</span> <span class='ocrx_word' id='word_1_179' title='bbox 920 2143 978 2204; x_wconf 78' lang='lat'>27.</span> <span class='ocrx_word' id='word_1_180' title='bbox 993 2141 1043 2198; x_wconf 85' lang='lat' dir='ltr'>vel</span> <span class='ocrx_word' id='word_1_181' title='bbox 1060 2143 1116 2204; x_wconf 81' lang='lat'>28·</span> <span class='ocrx_word' id='word_1_182' title='bbox 1129 2130 1234 2213; x_wconf 83' lang='lat' dir='ltr'>Maii.)</span> 
     </span>
    </p>
   </div>
   <div class='ocr_carea' id='block_1_10' title="bbox 850 2229 1231 2270">
    <p class='ocr_par' dir='ltr' id='par_1_15' title="bbox 850 2229 1231 2270">
     <span class='ocr_line' id='line_1_29' title="bbox 850 2229 1231 2270; baseline -0.003 0"><span class='ocrx_word' id='word_1_183' title='bbox 850 2229 1231 2270; x_wconf 55' lang='lat' dir='ltr'>m</span> 
     </span>
    </p>
   </div>
   <div class='ocr_carea' id='block_1_11' title="bbox 324 2335 1154 2456">
    <p class='ocr_par' dir='ltr' id='par_1_16' title="bbox 324 2335 1154 2456">
     <span class='ocr_line' id='line_1_30' title="bbox 324 2335 1154 2456; baseline -0.004 -30"><span class='ocrx_word' id='word_1_184' title='bbox 324 2337 620 2456; x_wconf 77' lang='lat' dir='ltr'>(Anonymus</span> <span class='ocrx_word' id='word_1_185' title='bbox 641 2340 708 2426; x_wconf 85' lang='lat' dir='ltr'>ad</span> <span class='ocrx_word' id='word_1_186' title='bbox 725 2337 940 2428; x_wconf 74' lang='lat' dir='ltr'>Flauiam</span> <span class='ocrx_word' id='word_1_187' title='bbox 957 2335 1154 2456; x_wconf 78' lang='lat' dir='ltr'>Illyric.)</span> 
     </span>
    </p>
   </div>
   <div class='ocr_carea' id='block_1_12' title="bbox 317 2513 1237 2910">
    <p class='ocr_par' dir='ltr' id='par_1_17' title="bbox 317 2513 1237 2910">
     <span class='ocr_line' id='line_1_31' title="bbox 317 2513 1234 2586; baseline -0.002 -20"><span class='ocrx_word' id='word_1_188' title='bbox 317 2513 341 2586; x_wconf 88' lang='lat'><strong>†</strong></span> <span class='ocrx_word' id='word_1_189' title='bbox 357 2513 394 2566; x_wconf 86' lang='lat' dir='ltr'>Er</span> <span class='ocrx_word' id='word_1_190' title='bbox 406 2514 560 2586; x_wconf 85' lang='lat' dir='ltr'>apographo</span> <span class='ocrx_word' id='word_1_191' title='bbox 573 2514 601 2567; x_wconf 92' lang='lat' dir='ltr'>in</span> <span class='ocrx_word' id='word_1_192' title='bbox 613 2513 675 2569; x_wconf 86' lang='lat' dir='ltr'>eod.</span> <span class='ocrx_word' id='word_1_193' title='bbox 690 2513 764 2568; x_wconf 87' lang='lat' dir='ltr'>Galli</span> <span class='ocrx_word' id='word_1_194' title='bbox 777 2515 797 2570; x_wconf 94' lang='lat' dir='ltr'>l.</span> <span class='ocrx_word' id='word_1_195' title='bbox 816 2513 909 2584; x_wconf 69' lang='lat' dir='ltr'>past.</span> <span class='ocrx_word' id='word_1_196' title='bbox 926 2543 964 2561; x_wconf 83' lang='lat'>-·</span> <span class='ocrx_word' id='word_1_197' title='bbox 998 2513 1161 2584; x_wconf 82' lang='lat' dir='ltr'>Quanquam</span> <span class='ocrx_word' id='word_1_198' title='bbox 1175 2529 1234 2565; x_wconf 89' lang='lat' dir='ltr'>non</span> 
     </span>
     <span class='ocr_line' id='line_1_32' title="bbox 353 2582 1236 2666; baseline -0.001 -32"><span class='ocrx_word' id='word_1_199' title='bbox 353 2582 454 2664; x_wconf 78' lang='lat' dir='ltr'>dietum</span> <span class='ocrx_word' id='word_1_200' title='bbox 475 2593 516 2636; x_wconf 87' lang='lat' dir='ltr'>est</span> <span class='ocrx_word' id='word_1_201' title='bbox 535 2584 593 2652; x_wconf 86' lang='lat' dir='ltr'>quis</span> <span class='ocrx_word' id='word_1_202' title='bbox 606 2583 752 2665; x_wconf 32' lang='lat' dir='ltr'>‘scripserit</span> <span class='ocrx_word' id='word_1_203' title='bbox 771 2583 841 2666; x_wconf 85' lang='lat' dir='ltr'>banc</span> <span class='ocrx_word' id='word_1_204' title='bbox 860 2582 1021 2666; x_wconf 71' lang='lat' dir='ltr'>epistolam,</span> <span class='ocrx_word' id='word_1_205' title='bbox 1041 2591 1066 2664; x_wconf 72' lang='lat' dir='ltr'>et</span> <span class='ocrx_word' id='word_1_206' title='bbox 1080 2582 1236 2664; x_wconf 59' lang='lat' dir='ltr'>subscripta</span> 
     </span>
     <span class='ocr_line' id='line_1_33' title="bbox 350 2651 1237 2791; baseline -0.002 -19"><span class='ocrx_word' id='word_1_207' title='bbox 350 2651 1161 2791; x_wconf 59' lang='lat' dir='ltr'>tattttt?tlt‘ltt‘ltlt&#39;.&#39;tt:a‘¹.t¹.tttt¹lttttt</span> <span class='ocrx_word' id='word_1_208' title='bbox 1175 2651 1237 2771; x_wconf 70' lang='lat' dir='ltr'>lt.</span> 
     </span>
     <span class='ocr_line' id='line_1_34' title="bbox 352 2787 1236 2910; baseline -0.002 -70"><span class='ocrx_word' id='word_1_209' title='bbox 352 2788 458 2910; x_wconf 69' lang='lat' dir='ltr'>ppodat.</span> <span class='ocrx_word' id='word_1_210' title='bbox 501 2787 537 2842; x_wconf 84' lang='lat' dir='ltr'>Er</span> <span class='ocrx_word' id='word_1_211' title='bbox 570 2799 730 2858; x_wconf 85' lang='lat' dir='ltr'>argumento</span> <span class='ocrx_word' id='word_1_212' title='bbox 760 2788 821 2870; x_wconf 70' lang='lat' dir='ltr'>ipso</span> <span class='ocrx_word' id='word_1_213' title='bbox 849 2798 974 2858; x_wconf 85' lang='lat' dir='ltr'>apparet,</span> <span class='ocrx_word' id='word_1_214' title='bbox 1012 2788 1236 2844; x_wconf 77' lang='lat' dir='ltr'>concionatorem</span> 
     </span>
    </p>
   </div>
   <div class='ocr_carea' id='block_1_13' title="bbox 353 2855 1237 2998">
    <p class='ocr_par' dir='ltr' id='par_1_18' title="bbox 353 2855 1237 2998">
     <span class='ocr_line' id='line_1_35' title="bbox 381 2855 1237 2930; baseline 0 -20"><span class='ocrx_word' id='word_1_215' title='bbox 381 2858 608 2928; x_wconf 75' lang='lat' dir='ltr'>numburgensem</span> <span class='ocrx_word' id='word_1_216' title='bbox 626 2875 684 2910; x_wconf 86' lang='lat' dir='ltr'>eam</span> <span class='ocrx_word' id='word_1_217' title='bbox 703 2857 856 2930; x_wconf 79' lang='lat' dir='ltr'>scripsisse,</span> <span class='ocrx_word' id='word_1_218' title='bbox 877 2867 903 2910; x_wconf 89' lang='lat' dir='ltr'>et</span> <span class='ocrx_word' id='word_1_219' title='bbox 917 2856 1060 2925; x_wconf 84' lang='lat' dir='ltr'>Matthias,</span> <span class='ocrx_word' id='word_1_220' title='bbox 1075 2855 1121 2913; x_wconf 81' lang='lat' dir='ltr'>cui</span> <span class='ocrx_word' id='word_1_221' title='bbox 1140 2857 1237 2927; x_wconf 74' lang='lat' dir='ltr'>scripta</span> 
     </span>
     <span class='ocr_line' id='line_1_36' title="bbox 353 2925 1051 2998; baseline 0.003 -18"><span class='ocrx_word' id='word_1_222' title='bbox 353 2936 408 2996; x_wconf 87' lang='lat' dir='ltr'>est,</span> <span class='ocrx_word' id='word_1_223' title='bbox 428 2925 486 2979; x_wconf 88' lang='lat' dir='ltr'>sine</span> <span class='ocrx_word' id='word_1_224' title='bbox 500 2925 584 2979; x_wconf 90' lang='lat' dir='ltr'>dubio</span> <span class='ocrx_word' id='word_1_225' title='bbox 599 2935 638 2980; x_wconf 85' lang='lat' dir='ltr'>eat</span> <span class='ocrx_word' id='word_1_226' title='bbox 652 2925 780 2982; x_wconf 82' lang='lat' dir='ltr'>Matthias</span> <span class='ocrx_word' id='word_1_227' title='bbox 797 2925 902 2980; x_wconf 73' lang='lat' dir='ltr'>Flauius</span> <span class='ocrx_word' id='word_1_228' title='bbox 916 2925 1051 2998; x_wconf 85' lang='lat' dir='ltr'>lllyricus.</span> 
     </span>
    </p>
   </div>
   <div class='ocr_carea' id='block_1_14' title="bbox 353 3081 1139 3322">
    <p class='ocr_par' dir='ltr' id='par_1_19' title="bbox 353 3081 1139 3322">
     <span class='ocr_line' id='line_1_37' title="bbox 353 3081 1138 3185; baseline 0.009 -29"><span class='ocrx_word' id='word_1_229' title='bbox 353 3083 531 3185; x_wconf 81' lang='lat' dir='ltr'>Epistola</span> <span class='ocrx_word' id='word_1_230' title='bbox 561 3081 604 3156; x_wconf 87' lang='lat' dir='ltr'>de</span> <span class='ocrx_word' id='word_1_231' title='bbox 635 3081 788 3182; x_wconf 85' lang='lat' dir='ltr'>Synodo</span> <span class='ocrx_word' id='word_1_232' title='bbox 819 3081 1138 3181; x_wconf 79' lang='lat' dir='ltr'>Naumbargeasi.</span> 
     </span>
     <span class='ocr_line' id='line_1_38' title="bbox 403 3213 1139 3322; baseline 0.003 -33"><span class='ocrx_word' id='word_1_233' title='bbox 403 3213 662 3317; x_wconf 78' lang='lat' dir='ltr'>(Matthiae</span> <span class='ocrx_word' id='word_1_234' title='bbox 687 3213 816 3290; x_wconf 77' lang='lat' dir='ltr'>Flac.</span> <span class='ocrx_word' id='word_1_235' title='bbox 848 3215 1088 3314; x_wconf 82' lang='lat' dir='ltr'>Illyrico.)</span> <span class='ocrx_word' id='word_1_236' title='bbox 1136 3317 1139 3322; x_wconf 11' lang='lat' dir='ltr'>A</span> 
     </span>
    </p>
   </div>
   <div class='ocr_carea' id='block_1_15' title="bbox 187 3358 1243 4174">
    <p class='ocr_par' dir='ltr' id='par_1_20' title="bbox 187 3358 1243 4174">
     <span class='ocr_line' id='line_1_39' title="bbox 253 3358 1240 3452; baseline 0 -14"><span class='ocrx_word' id='word_1_237' title='bbox 253 3358 302 3448; x_wconf 83' lang='lat' dir='ltr'>S&#39;.</span> <span class='ocrx_word' id='word_1_238' title='bbox 353 3367 474 3438; x_wconf 89' lang='lat' dir='ltr'>Tuum</span> <span class='ocrx_word' id='word_1_239' title='bbox 491 3369 689 3452; x_wconf 88' lang='lat' dir='ltr'>silentium,</span> <span class='ocrx_word' id='word_1_240' title='bbox 714 3368 926 3438; x_wconf 89' lang='lat' dir='ltr'>venerabilis</span> <span class='ocrx_word' id='word_1_241' title='bbox 943 3365 988 3442; x_wconf 90' lang='lat' dir='ltr'>D.</span> <span class='ocrx_word' id='word_1_242' title='bbox 1011 3369 1110 3438; x_wconf 93' lang='lat' dir='ltr'>nulla</span> <span class='ocrx_word' id='word_1_243' title='bbox 1136 3391 1240 3438; x_wconf 82' lang='lat' dir='ltr'>excu-</span> 
     </span>
     <span class='ocr_line' id='line_1_40' title="bbox 254 3469 1240 3558; baseline -0.005 -13"><span class='ocrx_word' id='word_1_244' title='bbox 254 3473 388 3545; x_wconf 86' lang='lat' dir='ltr'>satione</span> <span class='ocrx_word' id='word_1_245' title='bbox 418 3486 512 3558; x_wconf 86' lang='lat' dir='ltr'>eget,</span> <span class='ocrx_word' id='word_1_246' title='bbox 547 3495 628 3538; x_wconf 92' lang='lat' dir='ltr'>cum</span> <span class='ocrx_word' id='word_1_247' title='bbox 659 3483 778 3539; x_wconf 89' lang='lat' dir='ltr'>nostra</span> <span class='ocrx_word' id='word_1_248' title='bbox 809 3469 962 3540; x_wconf 90' lang='lat' dir='ltr'>amicitia</span> <span class='ocrx_word' id='word_1_249' title='bbox 988 3470 1176 3540; x_wconf 90' lang='lat' dir='ltr'>concordia</span> <span class='ocrx_word' id='word_1_250' title='bbox 1201 3492 1240 3540; x_wconf 89' lang='lat' dir='ltr'>ac</span> 
     </span>
     <span class='ocr_line' id='line_1_41' title="bbox 255 3571 1239 3663; baseline -0.007 -17"><span class='ocrx_word' id='word_1_251' title='bbox 255 3573 474 3646; x_wconf 88' lang='lat' dir='ltr'>confessione</span> <span class='ocrx_word' id='word_1_252' title='bbox 489 3572 571 3640; x_wconf 88' lang='lat' dir='ltr'>fidei</span> <span class='ocrx_word' id='word_1_253' title='bbox 586 3585 720 3642; x_wconf 89' lang='lat' dir='ltr'>constet</span> <span class='ocrx_word' id='word_1_254' title='bbox 736 3571 869 3660; x_wconf 91' lang='lat' dir='ltr'>potins,</span> <span class='ocrx_word' id='word_1_255' title='bbox 894 3596 1000 3663; x_wconf 91' lang='lat' dir='ltr'>quam</span> <span class='ocrx_word' id='word_1_256' title='bbox 1018 3573 1084 3642; x_wconf 90' lang='lat' dir='ltr'>isto</span> <span class='ocrx_word' id='word_1_257' title='bbox 1103 3572 1239 3660; x_wconf 91' lang='lat' dir='ltr'>vulgari</span> 
     </span>
     <span class='ocr_line' id='line_1_42' title="bbox 255 3667 1241 3763; baseline -0.008 -15"><span class='ocrx_word' id='word_1_258' title='bbox 255 3676 363 3748; x_wconf 79' lang='lat' dir='ltr'>officii</span> <span class='ocrx_word' id='word_1_259' title='bbox 385 3697 522 3763; x_wconf 90' lang='lat' dir='ltr'>genere.</span> <span class='ocrx_word' id='word_1_260' title='bbox 572 3672 689 3743; x_wconf 88' lang='lat' dir='ltr'>Multa</span> <span class='ocrx_word' id='word_1_261' title='bbox 715 3673 799 3756; x_wconf 92' lang='lat' dir='ltr'>tibi,</span> <span class='ocrx_word' id='word_1_262' title='bbox 831 3673 1031 3744; x_wconf 89' lang='lat' dir='ltr'>doctissime</span> <span class='ocrx_word' id='word_1_263' title='bbox 1056 3667 1241 3756; x_wconf 82' lang='lat' dir='ltr'>Matthia,</span> 
     </span>
     <span class='ocr_line' id='line_1_43' title="bbox 187 3767 1242 3864; baseline -0.006 -16"><span class='ocrx_word' id='word_1_264' title='bbox 187 3767 198 3780; x_wconf 52' lang='lat'>⁸</span> <span class='ocrx_word' id='word_1_265' title='bbox 256 3799 323 3848; x_wconf 85' lang='lat' dir='ltr'>nos</span> <span class='ocrx_word' id='word_1_266' title='bbox 345 3799 469 3848; x_wconf 88' lang='lat' dir='ltr'>omnes</span> <span class='ocrx_word' id='word_1_267' title='bbox 493 3775 621 3842; x_wconf 89' lang='lat' dir='ltr'>debere</span> <span class='ocrx_word' id='word_1_268' title='bbox 644 3775 876 3864; x_wconf 82' lang='lat' dir='ltr'>agnoscimus.</span> <span class='ocrx_word' id='word_1_269' title='bbox 936 3775 1006 3846; x_wconf 87' lang='lat' dir='ltr'>Sed</span> <span class='ocrx_word' id='word_1_270' title='bbox 1020 3777 1186 3846; x_wconf 93' lang='lat' dir='ltr'>dominus</span> <span class='ocrx_word' id='word_1_271' title='bbox 1207 3787 1242 3842; x_wconf 92' lang='lat' dir='ltr'>et</span> 
     </span>
     <span class='ocr_line' id='line_1_44' title="bbox 254 3871 1242 3952; baseline -0.008 -2"><span class='ocrx_word' id='word_1_272' title='bbox 254 3883 364 3952; x_wconf 84' lang='lat' dir='ltr'>frater</span> <span class='ocrx_word' id='word_1_273' title='bbox 397 3890 517 3946; x_wconf 88' lang='lat' dir='ltr'>noster</span> <span class='ocrx_word' id='word_1_274' title='bbox 549 3873 644 3944; x_wconf 91' lang='lat' dir='ltr'>lesus</span> <span class='ocrx_word' id='word_1_275' title='bbox 669 3871 831 3945; x_wconf 85' lang='lat' dir='ltr'>Christus</span> <span class='ocrx_word' id='word_1_276' title='bbox 863 3877 1065 3946; x_wconf 90' lang='lat' dir='ltr'>redditurus</span> <span class='ocrx_word' id='word_1_277' title='bbox 1091 3891 1143 3946; x_wconf 91' lang='lat' dir='ltr'>est</span> <span class='ocrx_word' id='word_1_278' title='bbox 1176 3877 1242 3946; x_wconf 90' lang='lat' dir='ltr'>tibi</span> 
     </span>
     <span class='ocr_line' id='line_1_45' title="bbox 257 3977 1243 4074; baseline -0.006 -23"><span class='ocrx_word' id='word_1_279' title='bbox 257 3981 453 4052; x_wconf 89' lang='lat' dir='ltr'>mercedem</span> <span class='ocrx_word' id='word_1_280' title='bbox 473 4001 537 4067; x_wconf 93' lang='lat' dir='ltr'>pro</span> <span class='ocrx_word' id='word_1_281' title='bbox 557 3977 737 4045; x_wconf 84' lang='lat' dir='ltr'>laboribus</span> <span class='ocrx_word' id='word_1_282' title='bbox 753 3979 841 4061; x_wconf 92' lang='lat' dir='ltr'>tuis,</span> <span class='ocrx_word' id='word_1_283' title='bbox 865 3979 1155 4074; x_wconf 91' lang='lat' dir='ltr'>quandoquidem</span> <span class='ocrx_word' id='word_1_284' title='bbox 1177 4001 1243 4046; x_wconf 91' lang='lat' dir='ltr'>nos</span> 
     </span>
     <span class='ocr_line' id='line_1_46' title="bbox 257 4073 966 4174; baseline -0.003 -20"><span class='ocrx_word' id='word_1_285' title='bbox 257 4109 332 4154; x_wconf 92' lang='lat' dir='ltr'>non</span> <span class='ocrx_word' id='word_1_286' title='bbox 345 4103 542 4174; x_wconf 87' lang='lat' dir='ltr'>possumus.</span> <span class='ocrx_word' id='word_1_287' title='bbox 594 4077 663 4149; x_wconf 91' lang='lat' dir='ltr'>Sed</span> <span class='ocrx_word' id='word_1_288' title='bbox 685 4073 769 4146; x_wconf 88' lang='lat' dir='ltr'>haec</span> <span class='ocrx_word' id='word_1_289' title='bbox 786 4073 966 4152; x_wconf 90' lang='lat' dir='ltr'>hactenus.</span> 
     </span>
    </p>
   </div>
   <div class='ocr_carea' id='block_1_16' title="bbox 259 4207 1245 4507">
    <p class='ocr_par' dir='ltr' id='par_1_21' title="bbox 259 4207 1245 4507">
     <span class='ocr_line' id='line_1_47' title="bbox 347 4207 1244 4301; baseline -0.004 -14"><span class='ocrx_word' id='word_1_290' title='bbox 347 4218 400 4287; x_wconf 89' lang='lat' dir='ltr'>De</span> <span class='ocrx_word' id='word_1_291' title='bbox 418 4228 596 4286; x_wconf 91' lang='lat' dir='ltr'>conventu</span> <span class='ocrx_word' id='word_1_292' title='bbox 611 4209 876 4301; x_wconf 89' lang='lat' dir='ltr'>Theologornm</span> <span class='ocrx_word' id='word_1_293' title='bbox 892 4207 949 4281; x_wconf 89' lang='lat' dir='ltr'>his</span> <span class='ocrx_word' id='word_1_294' title='bbox 965 4213 1088 4282; x_wconf 90' lang='lat' dir='ltr'>diebus</span> <span class='ocrx_word' id='word_1_295' title='bbox 1104 4207 1161 4284; x_wconf 94' lang='lat' dir='ltr'>hic</span> <span class='ocrx_word' id='word_1_296' title='bbox 1179 4209 1244 4284; x_wconf 92' lang='lat' dir='ltr'>ba·</span> 
     </span>
     <span class='ocr_line' id='line_1_48' title="bbox 259 4315 1245 4396; baseline -0.01 -4"><span class='ocrx_word' id='word_1_297' title='bbox 259 4322 335 4392; x_wconf 92' lang='lat' dir='ltr'>bito</span> <span class='ocrx_word' id='word_1_298' title='bbox 353 4319 504 4387; x_wconf 86' lang='lat' dir='ltr'>libenter</span> <span class='ocrx_word' id='word_1_299' title='bbox 521 4318 586 4388; x_wconf 93' lang='lat' dir='ltr'>tibi</span> <span class='ocrx_word' id='word_1_300' title='bbox 604 4316 714 4385; x_wconf 90' lang='lat' dir='ltr'>multa</span> <span class='ocrx_word' id='word_1_301' title='bbox 731 4315 932 4396; x_wconf 87' lang='lat' dir='ltr'>scriberem,</span> <span class='ocrx_word' id='word_1_302' title='bbox 949 4317 1011 4382; x_wconf 90' lang='lat' dir='ltr'>sed</span> <span class='ocrx_word' id='word_1_303' title='bbox 1029 4315 1119 4383; x_wconf 91' lang='lat' dir='ltr'>miro</span> <span class='ocrx_word' id='word_1_304' title='bbox 1136 4315 1245 4383; x_wconf 91' lang='lat' dir='ltr'>silen-</span> 
     </span>
     <span class='ocr_line' id='line_1_49' title="bbox 260 4415 1245 4507; baseline -0.008 -15"><span class='ocrx_word' id='word_1_305' title='bbox 260 4425 310 4493; x_wconf 91' lang='lat' dir='ltr'>tio</span> <span class='ocrx_word' id='word_1_306' title='bbox 340 4419 459 4488; x_wconf 89' lang='lat' dir='ltr'>omnia</span> <span class='ocrx_word' id='word_1_307' title='bbox 487 4420 669 4507; x_wconf 85' lang='lat' dir='ltr'>obtegunt.</span> <span class='ocrx_word' id='word_1_308' title='bbox 726 4415 911 4486; x_wconf 89' lang='lat' dir='ltr'>Venerunt</span> <span class='ocrx_word' id='word_1_309' title='bbox 938 4419 983 4488; x_wconf 91' lang='lat' dir='ltr'>ad</span> <span class='ocrx_word' id='word_1_310' title='bbox 1012 4441 1077 4486; x_wconf 89' lang='lat' dir='ltr'>nos</span> <span class='ocrx_word' id='word_1_311' title='bbox 1102 4418 1164 4491; x_wconf 76' lang='lat'>20.</span> <span class='ocrx_word' id='word_1_312' title='bbox 1188 4419 1245 4486; x_wconf 90' lang='lat' dir='ltr'>die</span> 
     </span>
    </p>
   </div>
   <div class='ocr_carea' id='block_1_17' title="bbox 1282 1167 2341 4410">
    <p class='ocr_par' dir='ltr' id='par_1_22' title="bbox 1282 1147 2341 4410">
     <span class='ocr_line' id='line_1_50' title="bbox 1282 1167 2275 1258; baseline -0.002 -22"><span class='ocrx_word' id='word_1_313' title='bbox 1282 1167 1406 1250; x_wconf 89' lang='lat' dir='ltr'>batur,</span> <span class='ocrx_word' id='word_1_314' title='bbox 1437 1167 1568 1234; x_wconf 85' lang='lat' dir='ltr'>frustra</span> <span class='ocrx_word' id='word_1_315' title='bbox 1595 1181 1847 1258; x_wconf 80' lang='lat' dir='ltr'>expectassent,</span> <span class='ocrx_word' id='word_1_316' title='bbox 1880 1182 2094 1257; x_wconf 91' lang='lat' dir='ltr'>paraverunt</span> <span class='ocrx_word' id='word_1_317' title='bbox 2122 1167 2275 1248; x_wconf 89' lang='lat' dir='ltr'>abitum,</span> 
     </span>
     <span class='ocr_line' id='line_1_51' title="bbox 1283 1261 2339 1362; baseline 0.002 -26"><span class='ocrx_word' id='word_1_318' title='bbox 1283 1266 1404 1336; x_wconf 90' lang='lat' dir='ltr'>relicta</span> <span class='ocrx_word' id='word_1_319' title='bbox 1429 1261 1486 1336; x_wconf 89' lang='lat' dir='ltr'>hic</span> <span class='ocrx_word' id='word_1_320' title='bbox 1508 1267 1608 1358; x_wconf 87' lang='lat' dir='ltr'>copia</span> <span class='ocrx_word' id='word_1_321' title='bbox 1625 1269 1745 1360; x_wconf 89' lang='lat' dir='ltr'>scripti</span> <span class='ocrx_word' id='word_1_322' title='bbox 1764 1269 1967 1354; x_wconf 90' lang='lat' dir='ltr'>cniusdam,</span> <span class='ocrx_word' id='word_1_323' title='bbox 1994 1271 2089 1362; x_wconf 90' lang='lat' dir='ltr'>quod</span> <span class='ocrx_word' id='word_1_324' title='bbox 2107 1269 2276 1338; x_wconf 90' lang='lat' dir='ltr'>dicebant</span> <span class='ocrx_word' id='word_1_325' title='bbox 2338 1263 2339 1272; x_wconf 67' lang='grc'>’</span> 
     </span>
     <span class='ocr_line' id='line_1_52' title="bbox 1283 1365 2275 1464; baseline 0.004 -27"><span class='ocrx_word' id='word_1_326' title='bbox 1283 1392 1456 1437; x_wconf 87' lang='lat' dir='ltr'>summam</span> <span class='ocrx_word' id='word_1_327' title='bbox 1491 1391 1634 1454; x_wconf 85' lang='lat' dir='ltr'>corum,</span> <span class='ocrx_word' id='word_1_328' title='bbox 1671 1395 1761 1464; x_wconf 88' lang='lat' dir='ltr'>quae</span> <span class='ocrx_word' id='word_1_329' title='bbox 1794 1365 1852 1438; x_wconf 93' lang='lat' dir='ltr'>hic</span> <span class='ocrx_word' id='word_1_330' title='bbox 1886 1372 2039 1460; x_wconf 89' lang='lat' dir='ltr'>egerint,</span> <span class='ocrx_word' id='word_1_331' title='bbox 2079 1371 2275 1442; x_wconf 90' lang='lat' dir='ltr'>continere.</span> 
     </span>
     <span class='ocr_line' id='line_1_53' title="bbox 1283 1467 2278 1561; baseline 0.004 -23"><span class='ocrx_word' id='word_1_332' title='bbox 1283 1467 1361 1538; x_wconf 85' lang='lat' dir='ltr'>Hoc</span> <span class='ocrx_word' id='word_1_333' title='bbox 1378 1471 1547 1561; x_wconf 91' lang='lat' dir='ltr'>scriptum</span> <span class='ocrx_word' id='word_1_334' title='bbox 1564 1471 1652 1560; x_wconf 89' lang='lat' dir='ltr'>legi,</span> <span class='ocrx_word' id='word_1_335' title='bbox 1685 1473 1744 1540; x_wconf 91' lang='lat' dir='ltr'>sed</span> <span class='ocrx_word' id='word_1_336' title='bbox 1763 1471 1917 1542; x_wconf 89' lang='lat' dir='ltr'>ieiunius</span> <span class='ocrx_word' id='word_1_337' title='bbox 1933 1467 2022 1541; x_wconf 91' lang='lat' dir='ltr'>mihi</span> <span class='ocrx_word' id='word_1_338' title='bbox 2040 1474 2229 1542; x_wconf 87' lang='lat' dir='ltr'>videbatur</span> <span class='ocrx_word' id='word_1_339' title='bbox 2243 1485 2278 1542; x_wconf 90' lang='lat' dir='ltr'>et</span> 
     </span>
     <span class='ocr_line' id='line_1_54' title="bbox 1285 1569 2275 1664; baseline 0.002 -24"><span class='ocrx_word' id='word_1_340' title='bbox 1285 1570 1473 1660; x_wconf 86' lang='lat' dir='ltr'>indignum</span> <span class='ocrx_word' id='word_1_341' title='bbox 1503 1585 1681 1642; x_wconf 91' lang='lat' dir='ltr'>tantorum</span> <span class='ocrx_word' id='word_1_342' title='bbox 1703 1569 1966 1664; x_wconf 86' lang='lat' dir='ltr'>Theologornm</span> <span class='ocrx_word' id='word_1_343' title='bbox 1992 1589 2171 1644; x_wconf 89' lang='lat' dir='ltr'>conventu</span> <span class='ocrx_word' id='word_1_344' title='bbox 2196 1589 2275 1642; x_wconf 76' lang='lat' dir='ltr'>tau-</span> 
     </span>
     <span class='ocr_line' id='line_1_55' title="bbox 1284 1672 2341 1768; baseline 0 -26"><span class='ocrx_word' id='word_1_345' title='bbox 1284 1673 1398 1764; x_wconf 90' lang='lat' dir='ltr'>tisquc</span> <span class='ocrx_word' id='word_1_346' title='bbox 1414 1672 1599 1763; x_wconf 90' lang='lat' dir='ltr'>impensis,</span> <span class='ocrx_word' id='word_1_347' title='bbox 1625 1687 1660 1744; x_wconf 94' lang='lat' dir='ltr'>et</span> <span class='ocrx_word' id='word_1_348' title='bbox 1673 1676 1795 1745; x_wconf 92' lang='lat' dir='ltr'>multis</span> <span class='ocrx_word' id='word_1_349' title='bbox 1810 1677 1961 1768; x_wconf 89' lang='lat' dir='ltr'>suspicio</span> <span class='ocrx_word' id='word_1_350' title='bbox 1977 1690 2028 1745; x_wconf 89' lang='lat' dir='ltr'>est</span> <span class='ocrx_word' id='word_1_351' title='bbox 2044 1689 2140 1759; x_wconf 89' lang='lat' dir='ltr'>orta,</span> <span class='ocrx_word' id='word_1_352' title='bbox 2166 1675 2277 1744; x_wconf 88' lang='lat' dir='ltr'>aliam</span> <span class='ocrx_word' id='word_1_353' title='bbox 2340 1672 2341 1708; x_wconf 76' lang='lat'>³</span> 
     </span>
     <span class='ocr_line' id='line_1_56' title="bbox 1284 1769 2278 1849; baseline 0 -5"><span class='ocrx_word' id='word_1_354' title='bbox 1284 1775 1391 1844; x_wconf 88' lang='lat' dir='ltr'>fuisse</span> <span class='ocrx_word' id='word_1_355' title='bbox 1409 1769 1515 1843; x_wconf 90' lang='lat' dir='ltr'>buius</span> <span class='ocrx_word' id='word_1_356' title='bbox 1531 1790 1726 1846; x_wconf 89' lang='lat' dir='ltr'>conventus</span> <span class='ocrx_word' id='word_1_357' title='bbox 1745 1799 1896 1849; x_wconf 90' lang='lat' dir='ltr'>causam.</span> <span class='ocrx_word' id='word_1_358' title='bbox 1948 1776 2085 1846; x_wconf 74' lang='lat' dir='ltr'>Tanren</span> <span class='ocrx_word' id='word_1_359' title='bbox 2102 1772 2170 1848; x_wconf 91' lang='lat' dir='ltr'>hoc</span> <span class='ocrx_word' id='word_1_360' title='bbox 2188 1778 2278 1846; x_wconf 88' lang='lat' dir='ltr'>scri-</span> 
     </span>
     <span class='ocr_line' id='line_1_57' title="bbox 1286 1871 2278 1968; baseline 0 -24"><span class='ocrx_word' id='word_1_361' title='bbox 1286 1890 1384 1967; x_wconf 91' lang='lat' dir='ltr'>ptum</span> <span class='ocrx_word' id='word_1_362' title='bbox 1398 1874 1522 1944; x_wconf 87' lang='lat' dir='ltr'>Pastor</span> <span class='ocrx_word' id='word_1_363' title='bbox 1537 1889 1656 1946; x_wconf 92' lang='lat' dir='ltr'>noster</span> <span class='ocrx_word' id='word_1_364' title='bbox 1670 1877 1764 1968; x_wconf 85' lang='lat' dir='ltr'>Mag.</span> <span class='ocrx_word' id='word_1_365' title='bbox 1780 1873 1836 1945; x_wconf 84' lang='lat' dir='ltr'>M</span> <span class='ocrx_word' id='word_1_366' title='bbox 1835 1871 1958 1947; x_wconf 84' lang='lat' dir='ltr'>ichael</span> <span class='ocrx_word' id='word_1_367' title='bbox 1969 1871 2278 1948; x_wconf 83' lang='lat' dir='ltr'>Deatzschmann</span> 
     </span>
     <span class='ocr_line' id='line_1_58' title="bbox 1287 1975 2281 2068; baseline 0.003 -22"><span class='ocrx_word' id='word_1_368' title='bbox 1287 1977 1432 2046; x_wconf 91' lang='lat' dir='ltr'>domino</span> <span class='ocrx_word' id='word_1_369' title='bbox 1464 1975 1636 2068; x_wconf 85' lang='lat' dir='ltr'>Magistro</span> <span class='ocrx_word' id='word_1_370' title='bbox 1670 1975 1830 2048; x_wconf 81' lang='lat' dir='ltr'>Stoltzio</span> <span class='ocrx_word' id='word_1_371' title='bbox 1856 1979 2041 2048; x_wconf 88' lang='lat' dir='ltr'>Vinariam</span> <span class='ocrx_word' id='word_1_372' title='bbox 2067 1981 2281 2064; x_wconf 86' lang='lat' dir='ltr'>transmisit,</span> 
     </span>
     <span class='ocr_line' id='line_1_59' title="bbox 1286 2075 2277 2174; baseline 0.003 -27"><span class='ocrx_word' id='word_1_373' title='bbox 1286 2080 1347 2172; x_wconf 92' lang='lat' dir='ltr'>qui</span> <span class='ocrx_word' id='word_1_374' title='bbox 1371 2079 1408 2148; x_wconf 94' lang='lat' dir='ltr'>id</span> <span class='ocrx_word' id='word_1_375' title='bbox 1434 2077 1477 2151; x_wconf 86' lang='grc' dir='ltr'>Τ.</span> <span class='ocrx_word' id='word_1_376' title='bbox 1491 2075 1534 2152; x_wconf 84' lang='grc' dir='ltr'>Ε.</span> <span class='ocrx_word' id='word_1_377' title='bbox 1561 2081 1752 2150; x_wconf 90' lang='lat' dir='ltr'>missurum</span> <span class='ocrx_word' id='word_1_378' title='bbox 1772 2105 1810 2152; x_wconf 92' lang='lat' dir='ltr'>se</span> <span class='ocrx_word' id='word_1_379' title='bbox 1830 2082 2022 2166; x_wconf 86' lang='lat' dir='ltr'>scribebat,</span> <span class='ocrx_word' id='word_1_380' title='bbox 2054 2095 2088 2151; x_wconf 92' lang='lat' dir='ltr'>et</span> <span class='ocrx_word' id='word_1_381' title='bbox 2110 2099 2152 2154; x_wconf 88' lang='lat' dir='ltr'>ut</span> <span class='ocrx_word' id='word_1_382' title='bbox 2173 2106 2277 2174; x_wconf 88' lang='lat' dir='ltr'>spero</span> 
     </span>
     <span class='ocr_line' id='line_1_60' title="bbox 1288 2180 2281 2272; baseline 0.003 -24"><span class='ocrx_word' id='word_1_383' title='bbox 1288 2204 1384 2248; x_wconf 91' lang='lat' dir='ltr'>nunc</span> <span class='ocrx_word' id='word_1_384' title='bbox 1404 2180 1544 2272; x_wconf 89' lang='lat' dir='ltr'>accipis.</span> <span class='ocrx_word' id='word_1_385' title='bbox 1596 2180 1703 2252; x_wconf 90' lang='lat' dir='ltr'>Plura</span> <span class='ocrx_word' id='word_1_386' title='bbox 1719 2197 1780 2252; x_wconf 90' lang='lat' dir='ltr'>aut</span> <span class='ocrx_word' id='word_1_387' title='bbox 1794 2185 1962 2269; x_wconf 89' lang='lat' dir='ltr'>certiora,</span> <span class='ocrx_word' id='word_1_388' title='bbox 1988 2185 2192 2253; x_wconf 89' lang='lat' dir='ltr'>doctissime</span> <span class='ocrx_word' id='word_1_389' title='bbox 2214 2184 2281 2268; x_wconf 82' lang='lat' dir='ltr'>vir,</span> 
     </span>
     <span class='ocr_line' id='line_1_61' title="bbox 1287 2277 2278 2378; baseline 0.003 -27"><span class='ocrx_word' id='word_1_390' title='bbox 1287 2285 1331 2352; x_wconf 91' lang='lat' dir='ltr'>de</span> <span class='ocrx_word' id='word_1_391' title='bbox 1348 2277 1415 2350; x_wconf 91' lang='lat' dir='ltr'>hoe</span> <span class='ocrx_word' id='word_1_392' title='bbox 1430 2295 1608 2352; x_wconf 88' lang='lat' dir='ltr'>conventu</span> <span class='ocrx_word' id='word_1_393' title='bbox 1622 2307 1684 2374; x_wconf 90' lang='lat' dir='ltr'>ego</span> <span class='ocrx_word' id='word_1_394' title='bbox 1700 2285 1852 2356; x_wconf 90' lang='lat' dir='ltr'>scribere</span> <span class='ocrx_word' id='word_1_395' title='bbox 1867 2309 1940 2354; x_wconf 91' lang='lat' dir='ltr'>non</span> <span class='ocrx_word' id='word_1_396' title='bbox 1956 2309 2117 2378; x_wconf 84' lang='lat' dir='ltr'>possum3</span> <span class='ocrx_word' id='word_1_397' title='bbox 2145 2287 2176 2354; x_wconf 89' lang='lat' dir='ltr'>si</span> <span class='ocrx_word' id='word_1_398' title='bbox 2194 2309 2278 2354; x_wconf 84' lang='lat' dir='ltr'>vero</span> 
     </span>
     <span class='ocr_line' id='line_1_62' title="bbox 1288 2383 2281 2480; baseline 0.002 -26"><span class='ocrx_word' id='word_1_399' title='bbox 1288 2383 1412 2454; x_wconf 88' lang='lat' dir='ltr'>scirem</span> <span class='ocrx_word' id='word_1_400' title='bbox 1435 2397 1471 2454; x_wconf 91' lang='lat' dir='ltr'>et</span> <span class='ocrx_word' id='word_1_401' title='bbox 1492 2407 1649 2474; x_wconf 90' lang='lat' dir='ltr'>possem,</span> <span class='ocrx_word' id='word_1_402' title='bbox 1683 2411 1837 2456; x_wconf 68' lang='lat' dir='ltr'>omneme</span> <span class='ocrx_word' id='word_1_403' title='bbox 1854 2411 1995 2477; x_wconf 89' lang='lat' dir='ltr'>operam</span> <span class='ocrx_word' id='word_1_404' title='bbox 2020 2401 2055 2456; x_wconf 90' lang='lat' dir='ltr'>et</span> <span class='ocrx_word' id='word_1_405' title='bbox 2080 2387 2281 2480; x_wconf 87' lang='lat' dir='ltr'>impensam</span> 
     </span>
     <span class='ocr_line' id='line_1_63' title="bbox 1287 2485 2282 2579; baseline 0.002 -25"><span class='ocrx_word' id='word_1_406' title='bbox 1287 2485 1518 2554; x_wconf 89' lang='lat' dir='ltr'>libentissime</span> <span class='ocrx_word' id='word_1_407' title='bbox 1542 2487 1794 2578; x_wconf 87' lang='lat' dir='ltr'>impenderem.</span> <span class='ocrx_word' id='word_1_408' title='bbox 1851 2486 1942 2558; x_wconf 90' lang='lat' dir='ltr'>Nam</span> <span class='ocrx_word' id='word_1_409' title='bbox 1965 2501 1998 2558; x_wconf 86' lang='lat' dir='ltr'>et</span> <span class='ocrx_word' id='word_1_410' title='bbox 2020 2512 2084 2578; x_wconf 87' lang='lat' dir='ltr'>ego</span> <span class='ocrx_word' id='word_1_411' title='bbox 2109 2489 2282 2579; x_wconf 90' lang='lat' dir='ltr'>suspicor,</span> 
     </span>
     <span class='ocr_line' id='line_1_64' title="bbox 1289 2583 2282 2682; baseline -0.001 -26"><span class='ocrx_word' id='word_1_412' title='bbox 1289 2587 1379 2656; x_wconf 88' lang='lat' dir='ltr'>sicut</span> <span class='ocrx_word' id='word_1_413' title='bbox 1395 2599 1428 2656; x_wconf 91' lang='lat' dir='ltr'>et</span> <span class='ocrx_word' id='word_1_414' title='bbox 1443 2585 1487 2656; x_wconf 85' lang='lat' dir='ltr'>T.</span> <span class='ocrx_word' id='word_1_415' title='bbox 1502 2583 1545 2658; x_wconf 87' lang='lat' dir='ltr'>E.</span> <span class='ocrx_word' id='word_1_416' title='bbox 1560 2589 1692 2674; x_wconf 89' lang='lat' dir='ltr'>scribit,</span> <span class='ocrx_word' id='word_1_417' title='bbox 1717 2591 1893 2682; x_wconf 87' lang='lat' dir='ltr'>publicam</span> <span class='ocrx_word' id='word_1_418' title='bbox 1909 2614 1983 2659; x_wconf 88' lang='lat' dir='ltr'>rem</span> <span class='ocrx_word' id='word_1_419' title='bbox 1997 2604 2031 2658; x_wconf 94' lang='lat' dir='ltr'>et</span> <span class='ocrx_word' id='word_1_420' title='bbox 2047 2591 2197 2660; x_wconf 90' lang='lat' dir='ltr'>arduam</span> <span class='ocrx_word' id='word_1_421' title='bbox 2213 2591 2282 2678; x_wconf 89' lang='lat' dir='ltr'>agi,</span> 
     </span>
     <span class='ocr_line' id='line_1_65' title="bbox 1290 2686 2283 2782; baseline 0.001 -25"><span class='ocrx_word' id='word_1_422' title='bbox 1290 2689 1579 2782; x_wconf 90' lang='lat' dir='ltr'>quandoquidem</span> <span class='ocrx_word' id='word_1_423' title='bbox 1610 2691 1833 2762; x_wconf 81' lang='lat' dir='ltr'>manifestum</span> <span class='ocrx_word' id='word_1_424' title='bbox 1866 2705 1935 2770; x_wconf 90' lang='lat' dir='ltr'>est,</span> <span class='ocrx_word' id='word_1_425' title='bbox 1968 2686 2153 2780; x_wconf 87' lang='lat' dir='ltr'>theologos</span> <span class='ocrx_word' id='word_1_426' title='bbox 2187 2693 2283 2774; x_wconf 87' lang='lat' dir='ltr'>illos,</span> 
     </span>
     <span class='ocr_line' id='line_1_66' title="bbox 1291 2791 2284 2884; baseline 0.004 -26"><span class='ocrx_word' id='word_1_427' title='bbox 1291 2791 1387 2882; x_wconf 89' lang='lat' dir='ltr'>quod</span> <span class='ocrx_word' id='word_1_428' title='bbox 1402 2813 1486 2880; x_wconf 90' lang='lat' dir='ltr'>pace</span> <span class='ocrx_word' id='word_1_429' title='bbox 1501 2813 1623 2861; x_wconf 88' lang='lat' dir='ltr'>eorum</span> <span class='ocrx_word' id='word_1_430' title='bbox 1639 2793 1737 2878; x_wconf 88' lang='lat' dir='ltr'>dico,</span> <span class='ocrx_word' id='word_1_431' title='bbox 1763 2819 1843 2862; x_wconf 91' lang='lat' dir='ltr'>cum</span> <span class='ocrx_word' id='word_1_432' title='bbox 1859 2793 1977 2884; x_wconf 86' lang='lat' dir='ltr'>impiis</span> <span class='ocrx_word' id='word_1_433' title='bbox 1994 2796 2126 2862; x_wconf 90' lang='lat' dir='ltr'>nostris</span> <span class='ocrx_word' id='word_1_434' title='bbox 2142 2793 2284 2884; x_wconf 89' lang='lat' dir='ltr'>episco-</span> 
     </span>
     <span class='ocr_line' id='line_1_67' title="bbox 1291 2891 2286 2988; baseline 0.003 -29"><span class='ocrx_word' id='word_1_435' title='bbox 1291 2893 1345 2984; x_wconf 92' lang='lat' dir='ltr'>pis</span> <span class='ocrx_word' id='word_1_436' title='bbox 1361 2911 1553 2964; x_wconf 87' lang='lat' dir='ltr'>susurrare.</span> <span class='ocrx_word' id='word_1_437' title='bbox 1603 2891 1692 2962; x_wconf 90' lang='lat' dir='ltr'>Nam</span> <span class='ocrx_word' id='word_1_438' title='bbox 1714 2909 1834 2964; x_wconf 89' lang='lat' dir='ltr'>noster</span> <span class='ocrx_word' id='word_1_439' title='bbox 1850 2895 2147 2986; x_wconf 89' lang='lat' dir='ltr'>precatiunculam</span> <span class='ocrx_word' id='word_1_440' title='bbox 2167 2917 2286 2988; x_wconf 89' lang='lat' dir='ltr'>qnan-</span> 
     </span>
     <span class='ocr_line' id='line_1_68' title="bbox 1291 2993 2286 3086; baseline 0 -22"><span class='ocrx_word' id='word_1_441' title='bbox 1291 2995 1371 3064; x_wconf 91' lang='lat' dir='ltr'>dam</span> <span class='ocrx_word' id='word_1_442' title='bbox 1390 2993 1644 3084; x_wconf 89' lang='lat' dir='ltr'>conscripserat</span> <span class='ocrx_word' id='word_1_443' title='bbox 1660 3021 1679 3064; x_wconf 92' lang='lat' dir='ltr'>e</span> <span class='ocrx_word' id='word_1_444' title='bbox 1695 3011 1857 3086; x_wconf 83' lang='lat' dir='ltr'>suggestu</span> <span class='ocrx_word' id='word_1_445' title='bbox 1873 2997 1910 3063; x_wconf 92' lang='lat' dir='ltr'>in</span> <span class='ocrx_word' id='word_1_446' title='bbox 1924 2997 2030 3065; x_wconf 92' lang='lat' dir='ltr'>sacris</span> <span class='ocrx_word' id='word_1_447' title='bbox 2046 2997 2286 3065; x_wconf 89' lang='lat' dir='ltr'>concionibus</span> 
     </span>
     <span class='ocr_line' id='line_1_69' title="bbox 1291 3095 2287 3191; baseline 0.001 -27"><span class='ocrx_word' id='word_1_448' title='bbox 1291 3096 1423 3186; x_wconf 89' lang='lat' dir='ltr'>populo</span> <span class='ocrx_word' id='word_1_449' title='bbox 1439 3095 1716 3186; x_wconf 89' lang='lat' dir='ltr'>praelegendam,</span> <span class='ocrx_word' id='word_1_450' title='bbox 1742 3099 1864 3191; x_wconf 92' lang='lat' dir='ltr'>inqua</span> <span class='ocrx_word' id='word_1_451' title='bbox 1881 3098 2046 3188; x_wconf 91' lang='lat' dir='ltr'>speciosis</span> <span class='ocrx_word' id='word_1_452' title='bbox 2061 3099 2183 3168; x_wconf 82' lang='lat' dir='ltr'>verbis</span> <span class='ocrx_word' id='word_1_453' title='bbox 2198 3121 2287 3166; x_wconf 92' lang='lat' dir='ltr'>con-</span> 
     </span>
     <span class='ocr_line' id='line_1_70' title="bbox 1292 3195 2290 3290; baseline 0 -24"><span class='ocrx_word' id='word_1_454' title='bbox 1292 3197 1448 3266; x_wconf 89' lang='lat' dir='ltr'>cordiam</span> <span class='ocrx_word' id='word_1_455' title='bbox 1464 3219 1503 3266; x_wconf 90' lang='lat' dir='ltr'>ac</span> <span class='ocrx_word' id='word_1_456' title='bbox 1517 3221 1637 3286; x_wconf 89' lang='lat' dir='ltr'>pacem</span> <span class='ocrx_word' id='word_1_457' title='bbox 1650 3195 1886 3270; x_wconf 85' lang='lat' dir='ltr'>Ecclesiarnm</span> <span class='ocrx_word' id='word_1_458' title='bbox 1903 3199 1999 3290; x_wconf 89' lang='lat' dir='ltr'>petit.</span> <span class='ocrx_word' id='word_1_459' title='bbox 2032 3197 2136 3268; x_wconf 81' lang='lat' dir='ltr'>Hanc</span> <span class='ocrx_word' id='word_1_460' title='bbox 2152 3202 2290 3268; x_wconf 89' lang='lat' dir='ltr'>nostris</span> 
     </span>
     <span class='ocr_line' id='line_1_71' title="bbox 1291 3298 2289 3382; baseline 0.002 -16"><span class='ocrx_word' id='word_1_461' title='bbox 1291 3298 1463 3367; x_wconf 88' lang='lat' dir='ltr'>ministris</span> <span class='ocrx_word' id='word_1_462' title='bbox 1479 3299 1669 3370; x_wconf 88' lang='lat' dir='ltr'>obtrudere</span> <span class='ocrx_word' id='word_1_463' title='bbox 1684 3315 1718 3370; x_wconf 91' lang='lat' dir='ltr'>et</span> <span class='ocrx_word' id='word_1_464' title='bbox 1733 3298 1909 3372; x_wconf 86' lang='lat' dir='ltr'>Ecclesiae</span> <span class='ocrx_word' id='word_1_465' title='bbox 1925 3303 2107 3370; x_wconf 88' lang='lat' dir='ltr'>intrudere</span> <span class='ocrx_word' id='word_1_466' title='bbox 2124 3302 2289 3382; x_wconf 62' lang='lat' dir='ltr'>volebam</span> 
     </span>
     <span class='ocr_line' id='line_1_72' title="bbox 1293 3395 2293 3494; baseline 0.002 -26"><span class='ocrx_word' id='word_1_467' title='bbox 1293 3413 1327 3468; x_wconf 91' lang='lat' dir='ltr'>et</span> <span class='ocrx_word' id='word_1_468' title='bbox 1349 3395 1464 3470; x_wconf 93' lang='lat' dir='ltr'>adhuc</span> <span class='ocrx_word' id='word_1_469' title='bbox 1486 3401 1671 3482; x_wconf 86' lang='lat' dir='ltr'>resistunt,</span> <span class='ocrx_word' id='word_1_470' title='bbox 1699 3406 1794 3494; x_wconf 94' lang='lat' dir='ltr'>quod</span> <span class='ocrx_word' id='word_1_471' title='bbox 1811 3417 1928 3472; x_wconf 80' lang='lat' dir='ltr'>tamen</span> <span class='ocrx_word' id='word_1_472' title='bbox 1946 3403 2087 3492; x_wconf 86' lang='lat' dir='ltr'>vulpem</span> <span class='ocrx_word' id='word_1_473' title='bbox 2121 3415 2293 3470; x_wconf 88' lang='lat' dir='ltr'>nostrum</span> 
     </span>
     <span class='ocr_line' id='line_1_73' title="bbox 1295 3496 2292 3592; baseline 0 -22"><span class='ocrx_word' id='word_1_474' title='bbox 1295 3501 1442 3592; x_wconf 86' lang='lat' dir='ltr'>pessime</span> <span class='ocrx_word' id='word_1_475' title='bbox 1465 3496 1588 3586; x_wconf 92' lang='lat' dir='ltr'>habet,</span> <span class='ocrx_word' id='word_1_476' title='bbox 1619 3503 1792 3574; x_wconf 90' lang='lat' dir='ltr'>ultionem</span> <span class='ocrx_word' id='word_1_477' title='bbox 1814 3519 1929 3572; x_wconf 82' lang='lat' dir='ltr'>tamen</span> <span class='ocrx_word' id='word_1_478' title='bbox 1953 3505 2075 3573; x_wconf 82' lang='lat' dir='ltr'>differt</span> <span class='ocrx_word' id='word_1_479' title='bbox 2090 3505 2129 3570; x_wconf 92' lang='lat' dir='ltr'>in</span> <span class='ocrx_word' id='word_1_480' title='bbox 2145 3519 2292 3592; x_wconf 90' lang='lat' dir='ltr'>tempus</span> 
     </span>
     <span class='ocr_line' id='line_1_74' title="bbox 1293 3600 2293 3697; baseline -0.001 -25"><span class='ocrx_word' id='word_1_481' title='bbox 1293 3603 1524 3672; x_wconf 80' lang='lat' dir='ltr'>commodius.</span> <span class='ocrx_word' id='word_1_482' title='bbox 1562 3600 1694 3674; x_wconf 85' lang='lat' dir='ltr'>Dehas</span> <span class='ocrx_word' id='word_1_483' title='bbox 1709 3606 1868 3697; x_wconf 87' lang='lat' dir='ltr'>oratione</span> <span class='ocrx_word' id='word_1_484' title='bbox 1882 3619 2000 3695; x_wconf 90' lang='lat' dir='ltr'>pastor</span> <span class='ocrx_word' id='word_1_485' title='bbox 2018 3619 2138 3674; x_wconf 87' lang='lat' dir='ltr'>noster</span> <span class='ocrx_word' id='word_1_486' title='bbox 2156 3618 2190 3674; x_wconf 91' lang='lat' dir='ltr'>et</span> <span class='ocrx_word' id='word_1_487' title='bbox 2209 3607 2293 3672; x_wconf 89' lang='lat' dir='ltr'>dia-</span> 
     </span>
     <span class='ocr_line' id='line_1_75' title="bbox 1294 3704 2293 3800; baseline 0.003 -27"><span class='ocrx_word' id='word_1_488' title='bbox 1294 3704 1375 3773; x_wconf 91' lang='lat' dir='ltr'>coni</span> <span class='ocrx_word' id='word_1_489' title='bbox 1389 3705 1643 3776; x_wconf 89' lang='lat' dir='ltr'>consuluerunt</span> <span class='ocrx_word' id='word_1_490' title='bbox 1659 3731 1718 3791; x_wconf 91' lang='lat' dir='ltr'>eo,</span> <span class='ocrx_word' id='word_1_491' title='bbox 1744 3711 1839 3800; x_wconf 92' lang='lat' dir='ltr'>quod</span> <span class='ocrx_word' id='word_1_492' title='bbox 1855 3707 2008 3798; x_wconf 89' lang='lat' dir='ltr'>speciosa</span> <span class='ocrx_word' id='word_1_493' title='bbox 2024 3721 2059 3776; x_wconf 89' lang='lat' dir='ltr'>et</span> <span class='ocrx_word' id='word_1_494' title='bbox 2077 3708 2171 3776; x_wconf 91' lang='lat' dir='ltr'>bona</span> <span class='ocrx_word' id='word_1_495' title='bbox 2195 3719 2293 3776; x_wconf 87' lang='lat' dir='ltr'>esset</span> 
     </span>
     <span class='ocr_line' id='line_1_76' title="bbox 1294 3807 2296 3900; baseline 0.002 -26"><span class='ocrx_word' id='word_1_496' title='bbox 1294 3831 1334 3874; x_wconf 92' lang='lat' dir='ltr'>ac</span> <span class='ocrx_word' id='word_1_497' title='bbox 1348 3807 1437 3874; x_wconf 90' lang='lat' dir='ltr'>bene</span> <span class='ocrx_word' id='word_1_498' title='bbox 1451 3807 1675 3898; x_wconf 87' lang='lat' dir='ltr'>interpretari</span> <span class='ocrx_word' id='word_1_499' title='bbox 1692 3823 1825 3899; x_wconf 90' lang='lat' dir='ltr'>posset,</span> <span class='ocrx_word' id='word_1_500' title='bbox 1852 3831 1927 3878; x_wconf 91' lang='lat' dir='ltr'>eam</span> <span class='ocrx_word' id='word_1_501' title='bbox 1945 3807 2054 3900; x_wconf 91' lang='lat' dir='ltr'>recipi</span> <span class='ocrx_word' id='word_1_502' title='bbox 2077 3833 2117 3877; x_wconf 89' lang='lat' dir='ltr'>ac</span> <span class='ocrx_word' id='word_1_503' title='bbox 2136 3807 2208 3896; x_wconf 87' lang='lat' dir='ltr'>legi</span> <span class='ocrx_word' id='word_1_504' title='bbox 2227 3810 2296 3876; x_wconf 89' lang='lat' dir='ltr'>de·</span> 
     </span>
     <span class='ocr_line' id='line_1_77' title="bbox 1295 3907 2295 4000; baseline -0.002 -22"><span class='ocrx_word' id='word_1_505' title='bbox 1295 3908 1396 3991; x_wconf 89' lang='lat' dir='ltr'>bere,</span> <span class='ocrx_word' id='word_1_506' title='bbox 1422 3911 1518 4000; x_wconf 91' lang='lat' dir='ltr'>quod</span> <span class='ocrx_word' id='word_1_507' title='bbox 1534 3924 1668 3993; x_wconf 90' lang='lat' dir='ltr'>tamen,</span> <span class='ocrx_word' id='word_1_508' title='bbox 1692 3911 1803 3998; x_wconf 84' lang='lat' dir='ltr'>gratia</span> <span class='ocrx_word' id='word_1_509' title='bbox 1821 3911 1864 3978; x_wconf 89' lang='lat' dir='ltr'>sit</span> <span class='ocrx_word' id='word_1_510' title='bbox 1880 3907 2044 3994; x_wconf 85' lang='lat' dir='ltr'>Christo,</span> <span class='ocrx_word' id='word_1_511' title='bbox 2065 3909 2181 3978; x_wconf 85' lang='lat' dir='ltr'>nostri</span> <span class='ocrx_word' id='word_1_512' title='bbox 2196 3933 2295 3978; x_wconf 91' lang='lat' dir='ltr'>con-</span> 
     </span>
     <span class='ocr_line' id='line_1_78' title="bbox 1296 4009 2299 4102; baseline 0.004 -26"><span class='ocrx_word' id='word_1_513' title='bbox 1296 4021 1427 4078; x_wconf 89' lang='lat' dir='ltr'>stanter</span> <span class='ocrx_word' id='word_1_514' title='bbox 1442 4023 1647 4082; x_wconf 85' lang='lat' dir='ltr'>rcuuerunt.</span> <span class='ocrx_word' id='word_1_515' title='bbox 1699 4009 1786 4080; x_wconf 89' lang='lat' dir='ltr'>lnde</span> <span class='ocrx_word' id='word_1_516' title='bbox 1803 4011 1931 4081; x_wconf 91' lang='lat' dir='ltr'>coniici</span> <span class='ocrx_word' id='word_1_517' title='bbox 1945 4025 2078 4100; x_wconf 91' lang='lat' dir='ltr'>potest,</span> <span class='ocrx_word' id='word_1_518' title='bbox 2105 4011 2194 4102; x_wconf 93' lang='lat' dir='ltr'>quid</span> <span class='ocrx_word' id='word_1_519' title='bbox 2212 4013 2299 4102; x_wconf 85' lang='lat' dir='ltr'>spei</span> 
     </span>
     <span class='ocr_line' id='line_1_79' title="bbox 1296 4107 2298 4182; baseline 0.001 -3"><span class='ocrx_word' id='word_1_520' title='bbox 1296 4109 1341 4179; x_wconf 91' lang='lat' dir='ltr'>sit</span> <span class='ocrx_word' id='word_1_521' title='bbox 1364 4111 1501 4180; x_wconf 89' lang='lat' dir='ltr'>miseris</span> <span class='ocrx_word' id='word_1_522' title='bbox 1513 4107 1680 4181; x_wconf 88' lang='lat' dir='ltr'>Ecclesiis</span> <span class='ocrx_word' id='word_1_523' title='bbox 1695 4110 1828 4182; x_wconf 89' lang='lat' dir='ltr'>Christi</span> <span class='ocrx_word' id='word_1_524' title='bbox 1852 4113 1889 4180; x_wconf 93' lang='lat' dir='ltr'>in</span> <span class='ocrx_word' id='word_1_525' title='bbox 1914 4113 1985 4182; x_wconf 92' lang='lat' dir='ltr'>illis</span> <span class='ocrx_word' id='word_1_526' title='bbox 1999 4112 2218 4182; x_wconf 88' lang='lat' dir='ltr'>doctissimis</span> <span class='ocrx_word' id='word_1_527' title='bbox 2236 4113 2298 4180; x_wconf 82' lang='lat' dir='ltr'>vi-</span> 
     </span>
     <span class='ocr_line' id='line_1_80' title="bbox 1297 4211 2301 4308; baseline 0.002 -28"><span class='ocrx_word' id='word_1_528' title='bbox 1297 4211 1356 4282; x_wconf 90' lang='lat' dir='ltr'>ris.</span> <span class='ocrx_word' id='word_1_529' title='bbox 1409 4211 1480 4282; x_wconf 91' lang='lat' dir='ltr'>Sed</span> <span class='ocrx_word' id='word_1_530' title='bbox 1503 4215 1705 4284; x_wconf 88' lang='lat' dir='ltr'>consolatur</span> <span class='ocrx_word' id='word_1_531' title='bbox 1734 4238 1798 4284; x_wconf 92' lang='lat' dir='ltr'>nos</span> <span class='ocrx_word' id='word_1_532' title='bbox 1823 4217 1919 4308; x_wconf 90' lang='lat' dir='ltr'>quod</span> <span class='ocrx_word' id='word_1_533' title='bbox 1943 4215 2206 4306; x_wconf 87' lang='lat' dir='ltr'>scriptumest:</span> <span class='ocrx_word' id='word_1_534' title='bbox 2247 4235 2301 4282; x_wconf 76' lang='lat' dir='ltr'>ea:</span> 
     </span>
     <span class='ocr_line' id='line_1_81' title="bbox 1298 4310 1656 4410; baseline 0.022 -30"><span class='ocrx_word' id='word_1_535' title='bbox 1298 4335 1356 4380; x_wconf 83' lang='lat' dir='ltr'>ore</span> <span class='ocrx_word' id='word_1_536' title='bbox 1370 4310 1408 4380; x_wconf 89' lang='lat' dir='ltr'>in</span> <span class='ocrx_word' id='word_1_537' title='bbox 1402 4312 1577 4410; x_wconf 84' lang='lat' dir='ltr'>santiam</span> <span class='ocrx_word' id='word_1_538' title='bbox 1593 4330 1656 4390; x_wconf 88' lang='lat' dir='ltr'>etc.</span> 
     </span>
    </p>
   </div>
   <div class='ocr_carea' id='block_1_18' title="bbox 259 4509 2307 5429">
    <p class='ocr_par' dir='ltr' id='par_1_23' title="bbox 259 4509 2307 5131">
     <span class='ocr_line' id='line_1_82' title="bbox 259 4509 2301 4613; baseline -0.001 -21"><span class='ocrx_word' id='word_1_539' title='bbox 259 4522 352 4593; x_wconf 91' lang='lat' dir='ltr'>Maii</span> <span class='ocrx_word' id='word_1_540' title='bbox 372 4519 417 4592; x_wconf 91' lang='lat' dir='ltr'>D.</span> <span class='ocrx_word' id='word_1_541' title='bbox 432 4509 631 4613; x_wconf 81' lang='lat' dir='ltr'>Philippus</span> <span class='ocrx_word' id='word_1_542' title='bbox 654 4531 689 4588; x_wconf 89' lang='lat' dir='ltr'>et</span> <span class='ocrx_word' id='word_1_543' title='bbox 708 4515 754 4592; x_wconf 86' lang='lat' dir='ltr'>D.</span> <span class='ocrx_word' id='word_1_544' title='bbox 772 4511 988 4601; x_wconf 68' lang='lat' dir='ltr'>Fontem,</span> <span class='ocrx_word' id='word_1_545' title='bbox 1019 4542 1164 4609; x_wconf 88' lang='lat' dir='ltr'>prorsus</span> <span class='ocrx_word' id='word_1_546' title='bbox 1188 4517 1245 4586; x_wconf 87' lang='lat' dir='ltr'>in·</span> <span class='ocrx_word' id='word_1_547' title='bbox 1401 4511 1455 4584; x_wconf 80' lang='lat' dir='ltr'>Ex</span> <span class='ocrx_word' id='word_1_548' title='bbox 1478 4511 1534 4586; x_wconf 89' lang='lat' dir='ltr'>his</span> <span class='ocrx_word' id='word_1_549' title='bbox 1564 4515 1703 4605; x_wconf 90' lang='lat' dir='ltr'>paucis,</span> <span class='ocrx_word' id='word_1_550' title='bbox 1737 4515 1794 4582; x_wconf 90' lang='lat' dir='ltr'>vir</span> <span class='ocrx_word' id='word_1_551' title='bbox 1816 4515 2044 4600; x_wconf 89' lang='lat' dir='ltr'>amicissime,</span> <span class='ocrx_word' id='word_1_552' title='bbox 2075 4538 2301 4604; x_wconf 82' lang='lat' dir='ltr'>cognoscere</span> 
     </span>
     <span class='ocr_line' id='line_1_83' title="bbox 261 4612 2302 4716; baseline -0.004 -20"><span class='ocrx_word' id='word_1_553' title='bbox 261 4623 490 4716; x_wconf 90' lang='lat' dir='ltr'>opinantibus</span> <span class='ocrx_word' id='word_1_554' title='bbox 518 4620 622 4689; x_wconf 92' lang='lat' dir='ltr'>nobis</span> <span class='ocrx_word' id='word_1_555' title='bbox 651 4643 690 4688; x_wconf 91' lang='lat' dir='ltr'>ac</span> <span class='ocrx_word' id='word_1_556' title='bbox 720 4621 967 4690; x_wconf 88' lang='lat' dir='ltr'>nescientibus.</span> <span class='ocrx_word' id='word_1_557' title='bbox 1017 4620 1138 4692; x_wconf 89' lang='lat' dir='ltr'>Secuti</span> <span class='ocrx_word' id='word_1_558' title='bbox 1163 4635 1246 4690; x_wconf 93' lang='lat' dir='ltr'>sunt</span> <span class='ocrx_word' id='word_1_559' title='bbox 1300 4629 1412 4708; x_wconf 90' lang='lat' dir='ltr'>potes,</span> <span class='ocrx_word' id='word_1_560' title='bbox 1436 4617 1516 4708; x_wconf 91' lang='lat' dir='ltr'>quis</span> <span class='ocrx_word' id='word_1_561' title='bbox 1533 4619 1578 4686; x_wconf 89' lang='lat' dir='ltr'>sit</span> <span class='ocrx_word' id='word_1_562' title='bbox 1592 4631 1700 4686; x_wconf 88' lang='lat' dir='ltr'>status</span> <span class='ocrx_word' id='word_1_563' title='bbox 1717 4612 1896 4686; x_wconf 86' lang='lat' dir='ltr'>Ecclesiae</span> <span class='ocrx_word' id='word_1_564' title='bbox 1912 4631 2062 4686; x_wconf 85' lang='lat' dir='ltr'>nostrae.</span> <span class='ocrx_word' id='word_1_565' title='bbox 2099 4615 2177 4686; x_wconf 89' lang='lat' dir='ltr'>Sub</span> <span class='ocrx_word' id='word_1_566' title='bbox 2194 4617 2302 4710; x_wconf 91' lang='lat' dir='ltr'>lupis</span> 
     </span>
     <span class='ocr_line' id='line_1_84' title="bbox 262 4710 2306 4819; baseline -0.004 -21"><span class='ocrx_word' id='word_1_567' title='bbox 262 4725 421 4819; x_wconf 89' lang='lat' dir='ltr'>sequenti</span> <span class='ocrx_word' id='word_1_568' title='bbox 437 4721 494 4792; x_wconf 89' lang='lat' dir='ltr'>die</span> <span class='ocrx_word' id='word_1_569' title='bbox 510 4719 695 4813; x_wconf 88' lang='lat' dir='ltr'>Lipsenses</span> <span class='ocrx_word' id='word_1_570' title='bbox 709 4710 1001 4792; x_wconf 82' lang='lat' dir='ltr'>D.Camerarias</span> <span class='ocrx_word' id='word_1_571' title='bbox 1014 4747 1093 4792; x_wconf 88' lang='lat' dir='ltr'>corn</span> <span class='ocrx_word' id='word_1_572' title='bbox 1110 4721 1154 4796; x_wconf 92' lang='lat' dir='ltr'>D.</span> <span class='ocrx_word' id='word_1_573' title='bbox 1168 4716 1246 4790; x_wconf 86' lang='lat' dir='ltr'>Pa·</span> <span class='ocrx_word' id='word_1_574' title='bbox 1300 4745 1363 4810; x_wconf 90' lang='lat' dir='ltr'>pro</span> <span class='ocrx_word' id='word_1_575' title='bbox 1387 4719 1585 4808; x_wconf 88' lang='lat' dir='ltr'>pastoribus</span> <span class='ocrx_word' id='word_1_576' title='bbox 1614 4741 1649 4786; x_wconf 90' lang='lat' dir='ltr'>se</span> <span class='ocrx_word' id='word_1_577' title='bbox 1675 4719 1933 4788; x_wconf 88' lang='lat' dir='ltr'>ostentantibus</span> <span class='ocrx_word' id='word_1_578' title='bbox 1956 4719 2127 4806; x_wconf 84' lang='lat' dir='ltr'>degimus.</span> <span class='ocrx_word' id='word_1_579' title='bbox 2167 4715 2306 4790; x_wconf 87' lang='lat' dir='ltr'>.Chri-</span> 
     </span>
     <span class='ocr_line' id='line_1_85' title="bbox 263 4819 2306 4914; baseline -0.003 -15"><span class='ocrx_word' id='word_1_580' title='bbox 263 4852 333 4902; x_wconf 88' lang='lat' dir='ltr'>ceo.</span> <span class='ocrx_word' id='word_1_581' title='bbox 373 4820 532 4896; x_wconf 87' lang='lat' dir='ltr'>Aderant</span> <span class='ocrx_word' id='word_1_582' title='bbox 547 4825 652 4894; x_wconf 91' lang='lat' dir='ltr'>etiam</span> <span class='ocrx_word' id='word_1_583' title='bbox 669 4824 740 4892; x_wconf 91' lang='lat' dir='ltr'>duo</span> <span class='ocrx_word' id='word_1_584' title='bbox 756 4845 797 4890; x_wconf 85' lang='lat' dir='ltr'>ex</span> <span class='ocrx_word' id='word_1_585' title='bbox 813 4823 947 4892; x_wconf 89' lang='lat' dir='ltr'>ditione</span> <span class='ocrx_word' id='word_1_586' title='bbox 964 4822 1139 4914; x_wconf 90' lang='lat' dir='ltr'>Principis</span> <span class='ocrx_word' id='word_1_587' title='bbox 1155 4821 1246 4894; x_wconf 88' lang='lat' dir='ltr'>Hes-</span> <span class='ocrx_word' id='word_1_588' title='bbox 1299 4835 1373 4889; x_wconf 90' lang='lat' dir='ltr'>stus</span> <span class='ocrx_word' id='word_1_589' title='bbox 1398 4821 1508 4904; x_wconf 88' lang='lat' dir='ltr'>lesus,</span> <span class='ocrx_word' id='word_1_590' title='bbox 1541 4820 1611 4889; x_wconf 87' lang='lat' dir='ltr'>Dei</span> <span class='ocrx_word' id='word_1_591' title='bbox 1635 4819 1748 4900; x_wconf 87' lang='lat' dir='ltr'>lilius,</span> <span class='ocrx_word' id='word_1_592' title='bbox 1784 4821 1950 4888; x_wconf 90' lang='lat' dir='ltr'>dominus</span> <span class='ocrx_word' id='word_1_593' title='bbox 1974 4835 2008 4889; x_wconf 90' lang='lat' dir='ltr'>et</span> <span class='ocrx_word' id='word_1_594' title='bbox 2029 4821 2138 4888; x_wconf 87' lang='lat' dir='ltr'>frater</span> <span class='ocrx_word' id='word_1_595' title='bbox 2167 4836 2306 4894; x_wconf 86' lang='lat' dir='ltr'>noster</span> 
     </span>
     <span class='ocr_line' id='line_1_86' title="bbox 264 4908 2307 5015; baseline -0.004 -13"><span class='ocrx_word' id='word_1_596' title='bbox 264 4953 382 5002; x_wconf 91' lang='lat' dir='ltr'>sorum</span> <span class='ocrx_word' id='word_1_597' title='bbox 402 4919 488 4992; x_wconf 89' lang='lat' dir='ltr'>mibi</span> <span class='ocrx_word' id='word_1_598' title='bbox 505 4925 626 5012; x_wconf 88' lang='lat' dir='ltr'>ignoti.</span> <span class='ocrx_word' id='word_1_599' title='bbox 675 4922 726 4993; x_wconf 94' lang='lat' dir='ltr'>Hi</span> <span class='ocrx_word' id='word_1_600' title='bbox 747 4917 805 4994; x_wconf 92' lang='lat' dir='ltr'>hic</span> <span class='ocrx_word' id='word_1_601' title='bbox 827 4925 1034 4993; x_wconf 89' lang='lat' dir='ltr'>commorati</span> <span class='ocrx_word' id='word_1_602' title='bbox 1050 4949 1113 5015; x_wconf 89' lang='lat' dir='ltr'>per</span> <span class='ocrx_word' id='word_1_603' title='bbox 1133 4927 1245 4994; x_wconf 86' lang='lat' dir='ltr'>dies8</span> <span class='ocrx_word' id='word_1_604' title='bbox 1300 4910 1772 4992; x_wconf 73' lang='lat' dir='ltr'>dilectissimusmiscreatur</span> <span class='ocrx_word' id='word_1_605' title='bbox 1793 4919 1923 5006; x_wconf 87' lang='lat' dir='ltr'>nostri,</span> <span class='ocrx_word' id='word_1_606' title='bbox 1959 4933 1993 4990; x_wconf 88' lang='lat' dir='ltr'>et</span> <span class='ocrx_word' id='word_1_607' title='bbox 2015 4908 2204 4991; x_wconf 74' lang='lat' dir='ltr'>conserves·</span> <span class='ocrx_word' id='word_1_608' title='bbox 2228 4948 2307 4998; x_wconf 89' lang='lat' dir='ltr'>nos</span> 
     </span>
     <span class='ocr_line' id='line_1_87' title="bbox 263 5019 1999 5131; baseline -0.007 -28"><span class='ocrx_word' id='word_1_609' title='bbox 263 5046 326 5102; x_wconf 87' lang='lat' dir='ltr'>aut</span> <span class='ocrx_word' id='word_1_610' title='bbox 349 5031 395 5101; x_wconf 92' lang='grc'>10</span> <span class='ocrx_word' id='word_1_611' title='bbox 420 5026 549 5096; x_wconf 92' lang='lat' dir='ltr'>cotidie</span> <span class='ocrx_word' id='word_1_612' title='bbox 572 5039 653 5096; x_wconf 92' lang='lat' dir='ltr'>suut</span> <span class='ocrx_word' id='word_1_613' title='bbox 675 5025 868 5114; x_wconf 84' lang='lat' dir='ltr'>congressi3</span> <span class='ocrx_word' id='word_1_614' title='bbox 899 5026 986 5120; x_wconf 90' lang='lat' dir='ltr'>quid</span> <span class='ocrx_word' id='word_1_615' title='bbox 1002 5039 1119 5096; x_wconf 87' lang='lat' dir='ltr'>autern</span> <span class='ocrx_word' id='word_1_616' title='bbox 1136 5027 1246 5097; x_wconf 92' lang='lat' dir='ltr'>collo·</span> <span class='ocrx_word' id='word_1_617' title='bbox 1300 5024 1337 5092; x_wconf 92' lang='lat' dir='ltr'>in</span> <span class='ocrx_word' id='word_1_618' title='bbox 1355 5037 1443 5116; x_wconf 82' lang='lat' dir='ltr'>pura</span> <span class='ocrx_word' id='word_1_619' title='bbox 1460 5019 1647 5116; x_wconf 85' lang='lat' dir='ltr'>Evangelii</span> <span class='ocrx_word' id='word_1_620' title='bbox 1667 5023 1846 5108; x_wconf 83' lang='lat' dir='ltr'>doctrina,</span> <span class='ocrx_word' id='word_1_621' title='bbox 1872 5019 1999 5131; x_wconf 72' lang='lat' dir='ltr'>Amqn.</span> 
     </span>
    </p>

    <p class='ocr_par' dir='ltr' id='par_1_24' title="bbox 264 5113 1950 5220">
     <span class='ocr_line' id='line_1_88' title="bbox 264 5113 1950 5220; baseline -0.005 -16"><span class='ocrx_word' id='word_1_622' title='bbox 264 5133 338 5204; x_wconf 90' lang='lat' dir='ltr'>cuti</span> <span class='ocrx_word' id='word_1_623' title='bbox 360 5143 422 5202; x_wconf 90' lang='lat' dir='ltr'>aut</span> <span class='ocrx_word' id='word_1_624' title='bbox 445 5130 490 5197; x_wconf 90' lang='lat' dir='ltr'>de</span> <span class='ocrx_word' id='word_1_625' title='bbox 511 5152 579 5220; x_wconf 92' lang='lat' dir='ltr'>qua</span> <span class='ocrx_word' id='word_1_626' title='bbox 603 5152 641 5197; x_wconf 87' lang='lat' dir='ltr'>re</span> <span class='ocrx_word' id='word_1_627' title='bbox 669 5150 772 5197; x_wconf 89' lang='lat' dir='ltr'>nemo</span> <span class='ocrx_word' id='word_1_628' title='bbox 794 5127 934 5201; x_wconf 91' lang='lat' dir='ltr'>sciebat.</span> <span class='ocrx_word' id='word_1_629' title='bbox 992 5125 1050 5196; x_wconf 91' lang='lat' dir='ltr'>llli</span> <span class='ocrx_word' id='word_1_630' title='bbox 1072 5127 1245 5208; x_wconf 88' lang='lat' dir='ltr'>dicebant,</span> <span class='ocrx_word' id='word_1_631' title='bbox 1388 5137 1392 5146; x_wconf 91' lang='grc'><strong><em>’</em></strong></span> <span class='ocrx_word' id='word_1_632' title='bbox 1492 5129 1495 5137; x_wconf 85' lang='grc'><strong>’</strong></span> <span class='ocrx_word' id='word_1_633' title='bbox 1527 5126 1559 5136; x_wconf 85' lang='grc'>”</span> <span class='ocrx_word' id='word_1_634' title='bbox 1748 5129 1752 5138; x_wconf 89' lang='grc'>’</span> <span class='ocrx_word' id='word_1_635' title='bbox 1945 5113 1950 5132; x_wconf 77' lang='grc'>’</span> 
     </span>
    </p>

    <p class='ocr_par' dir='ltr' id='par_1_25' title="bbox 265 5225 1246 5324">
     <span class='ocr_line' id='line_1_89' title="bbox 265 5225 1246 5324; baseline -0.006 -20"><span class='ocrx_word' id='word_1_636' title='bbox 265 5232 441 5323; x_wconf 87' lang='lat' dir='ltr'>Principis</span> <span class='ocrx_word' id='word_1_637' title='bbox 455 5225 618 5324; x_wconf 80' lang='lat' dir='ltr'>Augusti</span> <span class='ocrx_word' id='word_1_638' title='bbox 639 5232 803 5300; x_wconf 90' lang='lat' dir='ltr'>mandato</span> <span class='ocrx_word' id='word_1_639' title='bbox 828 5225 896 5299; x_wconf 92' lang='lat' dir='ltr'>hnc</span> <span class='ocrx_word' id='word_1_640' title='bbox 913 5253 949 5298; x_wconf 90' lang='lat' dir='ltr'>se</span> <span class='ocrx_word' id='word_1_641' title='bbox 973 5231 1180 5310; x_wconf 83' lang='lat' dir='ltr'>contulisse,</span> <span class='ocrx_word' id='word_1_642' title='bbox 1205 5225 1246 5299; x_wconf 84' lang='lat' dir='ltr'>ut</span> 
     </span>
    </p>

    <p class='ocr_par' dir='ltr' id='par_1_26' title="bbox 267 5327 1244 5429">
     <span class='ocr_line' id='line_1_90' title="bbox 267 5327 1244 5429; baseline -0.004 -23"><span class='ocrx_word' id='word_1_643' title='bbox 267 5359 347 5406; x_wconf 88' lang='lat' dir='ltr'>curn</span> <span class='ocrx_word' id='word_1_644' title='bbox 364 5333 443 5405; x_wconf 90' lang='lat' dir='ltr'>aliis</span> <span class='ocrx_word' id='word_1_645' title='bbox 460 5327 652 5426; x_wconf 75' lang='lat' dir='ltr'>theologis,</span> <span class='ocrx_word' id='word_1_646' title='bbox 679 5355 832 5426; x_wconf 90' lang='lat' dir='ltr'>quorum</span> <span class='ocrx_word' id='word_1_647' title='bbox 849 5333 1020 5404; x_wconf 87' lang='lat' dir='ltr'>adventus</span> <span class='ocrx_word' id='word_1_648' title='bbox 1043 5331 1244 5429; x_wconf 78' lang='lat' dir='ltr'>expectaba-</span> 
     </span>
    </p>
   </div>
   <div class='ocr_carea' id='block_1_19' title="bbox 0 0 2386 5828">
    <p class='ocr_par' dir='ltr' id='par_1_27' title="bbox 0 0 2386 5828">
     <span class='ocr_line' id='line_1_91' title="bbox 0 0 2386 5828; baseline 0 0"><span class='ocrx_word' id='word_1_649' title='bbox 0 0 2386 5828; x_wconf 95' lang='lat' dir='ltr'> </span> 
     </span>
    </p>
   </div>
  </div>
 </body>
</html>
