4688 5816
986 1319 1244 1414 1566.

92 1643 159 1718 Νο.
177 1640 293 1720 6906.

85 1741 299 1782 *⁸³⁶⁹
388 1837 466 1928 tto.
493 1837 762 1954 Agricolae.

146 2011 235 2084 Eptn.
247 2009 337 2070 lib.ll.
355 2011 554 2086 p.559eq.(ed.
571 2011 661 2068 Lenis
679 2013 726 2076 lib.
738 2011 772 2070 ll.
790 2031 832 2088 ep.
846 2011 928 2084 181).

803 1651 810 1664 ’
948 1645 1058 1720 1.lan.

934 1741 1063 1768 Μ

294 2161 351 2242 D.
377 2159 584 2264 Georgio
610 2161 863 2262 Agricolae

77 2319 124 2408 S.
152 2329 201 2408 D.
250 2323 461 2404 Doetissime
483 2333 540 2404 vir
570 2343 605 2402 et
628 2325 834 2404 charissime
859 2337 987 2420 trater,
1020 2333 1071 2408 Ut

75 2435 227 2506 veniens
242 2455 357 2505 annus
376 2434 424 2508 sit
442 2435 577 2507 faustus
594 2447 628 2505 et
641 2434 726 2504 ielis
742 2431 909 2508 Ecclesiis
922 2435 1010 2524 Dei,
1035 2451 1072 2510 et

76 2559 202 2610 earum
223 2527 405 2630 hospitiis,
429 2549 466 2609 et
486 2536 621 2632 patriae
646 2549 788 2608 nostrae
808 2539 1011 2626 universae,
1034 2554 1069 2612 et

75 2639 196 2710 tibist
212 2650 293 2710 tnac
308 2637 521 2710 domesticae
536 2633 726 2724 Ecclesiae,
750 2637 855 2713 iaciat
868 2639 983 2713 Filios
997 2641 1069 2714 Dei

74 2739 256 2812 Dominus
276 2751 398 2812 noster
418 2735 516 2812 lesus
537 2735 723 2826 Christus,
753 2755 869 2812 custos
889 2737 1068 2816 Ecclesiae

74 2865 181 2922 snae,
205 2837 269 2936 qni
289 2839 370 2914 ideo
391 2863 540 2914 massam
562 2854 709 2913 naturae
730 2835 906 2914 humanae
923 2845 1067 2916 adsum-

72 2944 166 3036 psit,
191 2955 232 3014 ut
250 2963 317 3014 nos
336 2957 504 3040 tanquam
527 2943 687 3016 surculos
709 2967 791 3013 snae
805 2968 938 3016 massae
953 2945 1067 3018 inser-

71 3059 145 3133 tos,
172 3057 283 3134 gestet
297 3057 333 3114 et
347 3057 480 3132 servet,
503 3045 595 3118 sicut
616 3044 752 3140 inquit:
777 3041 867 3142 Ego
881 3070 965 3118 sum
982 3045 1067 3118 vitis

72 3155 104 3216 et
120 3169 186 3216 eos
200 3141 387 3243 palmites.
437 3144 529 3218 Nam
554 3159 589 3217 et
611 3145 844 3239 imperiorum
865 3150 1007 3236 ruinae,
1032 3163 1068 3223 et

72 3248 289 3340 opinionum
308 3247 533 3320 contusiones
550 3248 775 3342 impendent:
793 3249 872 3321 ideo
887 3265 922 3324 ct
936 3254 1065 3323 arden-

72 3351 229 3420 tioribus
251 3349 343 3420 votis
364 3362 540 3442 petamus,
574 3363 614 3422 ut
629 3347 742 3422 Filius
757 3349 825 3422 Dei
845 3375 911 3424 nos
935 3355 1066 3444 guber-

71 3465 154 3536 net,
181 3466 215 3522 et
237 3473 302 3522 nos
325 3451 459 3522 maiore
486 3475 569 3522 cura
593 3465 751 3524 nostram
775 3453 1064 3526 coniunctionem

72 3567 258 3638 tueamur,
284 3577 352 3647 qua
369 3555 413 3648 de
426 3577 466 3623 re
482 3554 616 3650 aliquid
638 3553 730 3644 leges
746 3551 785 3622 in
802 3549 1065 3642 adhortatione,

73 3679 182 3749 qnam
203 3654 327 3726 addidi
340 3653 589 3728 diiudicationi
609 3655 870 3728 controversiae
883 3651 1064 3730 Noriber-

69 3754 217 3851 gensis,
242 3779 349 3851 quam
363 3753 476 3827 mitto.
526 3753 624 3828 Bene
642 3770 675 3829 ct
691 3757 840 3829 feliciter
853 3760 941 3830 vale.
987 3757 1064 3836 Cal.

71 3857 253 3944 Ianuarii,
279 3853 388 3930 Anno
407 3853 517 3934 1666.

70 4223 140 4298 No.
159 4223 273 4300 6907.

73 4319 249 4351 M

936 4242 968 4303 1.
983 4231 1048 4302 tan.

926 4331 1060 4362 Nm

297 4421 427 4511 llice.
454 4417 842 4538 Boumguctnero.

140 4592 402 4740 Epiiiib'pyibi'
421 4595 483 4654 stt.
523 4595 577 4658 llic
598 4615 630 4654 ιι
655 4603 825 4672 autographo
845 4604 873 4658 in
899 4603 963 4660 cod.
990 4603 1061 4658 Mo·

66 4825 355 4924 Hieronymo
373 4819 728 4920 Bomgartnero,
751 4823 927 4902 Senatori
940 4823 1060 4926 inely-

343 4937 403 4999 toe
423 4923 528 4998 urbis
541 4920 787 5024 Noribergoe.

64 5063 117 5153 S.
142 5071 189 5151 l).
239 5073 291 5150 Ut
311 5077 459 5149 veniens
482 5101 599 5149 annus
623 5081 669 5150 sit
688 5079 824 5152 faustus
840 5101 874 5154 et
896 5084 1003 5156 foelix
1027 5099 1061 5156 et

63 5175 239 5251 Ecclesiis
262 5181 447 5252 nostriset
468 5203 589 5249 earnm
612 5175 774 5273 hospitiis
793 5195 827 5254 ct
844 5183 910 5254 tibi
924 5199 958 5257 et
980 5200 1060 5257 tuae

62 5277 247 5353 Ecclesiae
276 5281 507 5362 domesticae,
538 5281 643 5354 iaciat
673 5283 768 5356 filins
794 5283 861 5357 Dei
882 5285 1060 5358 Dominus

64 5395 192 5452 noster
213 5379 309 5453 lesos
332 5377 515 5466 Christus,
547 5385 610 5476 qui
640 5385 720 5468 ideo
741 5409 888 5460 messam
913 5403 1060 5462 naturae

118 5487 299 5588 Messinm
315 5489 421 5555 Oeen.
437 5487 517 5552 voe.
533 5485 622 5554 Vlll.

1127 1637 1304 1713 humanae
1325 1638 1463 1721 induit,
1488 1651 1530 1710 ut
1550 1657 1615 1708 nos
1635 1634 1787 1711 insertos
1809 1661 1893 1710 mac
1908 1661 2042 1711 massae
2057 1663 2117 1732 ge-

1126 1755 1193 1815 stet
1205 1755 1239 1814 ct
1254 1753 1379 1814 servet.
1431 1736 1508 1811 Scis
1522 1741 1597 1832 ipse
1611 1740 1815 1832 impendere
1829 1763 1973 1832 magnas
1987 1765 2116 1834 regno·

1125 1869 1206 1915 rum
1221 1844 1355 1917 ruinas.
1393 1838 1566 1913 Tuccicos
1578 1843 1685 1912 duces
1698 1841 1736 1912 in
1747 1841 1935 1915 Pannonia
1950 1857 1986 1916 et
1998 1844 2115 1916 vicina

1124 1945 1268 2036 regione
1290 1943 1481 2038 procedere
1503 1955 1537 2015 et
1558 1943 1690 2014 nostris
1712 1945 1848 2038 eripere
1868 1946 2000 2024 multas,
2018 1967 2115 2018 arces

1124 2061 1159 2118 et
1172 2047 1303 2140 oppida
1317 2058 1451 2117 certum
1467 2057 1531 2116 est.
1582 2043 1720 2117 interea
1739 2037 1817 2142 ἦλις
1828 2043 1893 2120 καὶ
1904 2039 2040 2142 μεθύει
2050 2045 2115 2120 eei

1121 2141 1315 2244 ψεύδεται,
1340 2160 1380 2219 ut
1397 2147 1529 2218 dicitnr
1544 2144 1583 2217 in
1600 2147 1710 2217 veteri
1723 2144 1999 2242 Epigrammata
2034 2143 2114 2221 Oro
2251 2205 2254 2212 .

1121 2251 1236 2322 filium
1247 2249 1317 2322 Dei
1338 2249 1520 2321 custodem
1536 2241 1713 2320 Ecclesiae
1732 2273 1817 2322 suae
1838 2263 1879 2324 ut
1899 2273 1967 2322 nos
1982 2251 2113 2342 guber·

1121 2365 1183 2423 net
1197 2364 1368 2424 etservet.
1405 2347 1627 2422 Commendo
1642 2349 1709 2424 tibi
1722 2345 1899 2436 Baetem,
1923 2347 2112 2424 honestum

1122 2467 1157 2524 ct
1184 2455 1327 2526 doctum
1361 2451 1491 2523 virum.
1549 2447 1647 2522 Bene
1680 2453 1769 2529 vale.
1827 2451 1905 2527 Cal.
1941 2451 2112 2528 ianuarii.

1123 2551 1235 2628 1556.

1860 2645 2062 2750 Philippus,

1119 2999 1311 3134 Q.

1352 3187 1536 3276 Testim.
1565 3189 1624 3278 de
1654 3187 1874 3280 coemto.

1185 3356 1206 3419 ι
1222 3350 1260 3406 r.
1275 3349 1432 3425 ...μψιο
1445 3348 1474 3405 ι.
1488 3349 1553 3407 aa.
1567 3349 1652 3410 aa..
1665 3353 1703 3407 o.
1714 3351 1745 3410 n
1760 3349 1820 3409 w.

1937 3083 1939 3090 ,
1982 3021 2013 3084 1.
2030 3009 2097 3082 len.

1967 3105 2107 3136 M

1452 3501 1768 3604 (Testimonium.)

1115 3648 1230 3733 Extat
1250 3658 1344 3750 apud
1358 3653 1576 3728 Clementem
1590 3651 1692 3731 Alex.
1711 3669 1811 3728 vetus
1828 3657 1988 3734 definitio
2003 3663 2107 3736 iusti·

1116 3765 1201 3836 tiae:
1226 3750 1445 3852 δικαιοσύνη
1465 3749 1542 3828 ἐστὶ
1562 3749 1742 3830 κοινωνία
1758 3756 1854 3832 θεοῦ
1863 3757 1960 3854 μετὰ
1981 3757 2102 3860 1σότη-

1115 3890 1197 3954 τος,
1222 3860 1355 3932 institia
1377 3871 1430 3930 est
1446 3857 1613 3945 societas,
1638 3884 1708 3955 qua
1723 3882 1760 3930 se
1774 3859 1870 3932 Deus
1889 3865 1991 3936 vobis
2006 3893 2105 3940 com-

1115 3965 1274 4038 municat
1293 3986 1374 4034 cum
1396 3959 1655 4056 aequabilitate.
1706 3957 1777 4034 Hic
1794 3965 1893 4055 prior
1908 3989 1988 4058 pars
2003 3992 2105 4062 prac-

1115 4069 1202 4162 cipit
1224 4063 1441 4158 agnitionem
1464 4061 1554 4148 Dei,
1581 4086 1651 4158 qua
1665 4062 1762 4136 Deus
1786 4063 1861 4156 ipse
1879 4067 1998 4142 radios
2019 4093 2102 4144 snae

1114 4170 1204 4242 lucis
1219 4166 1258 4236 in
1272 4177 1408 4236 mentes
1421 4162 1498 4256 pias
1511 4164 1664 4258 spargit,
1687 4165 1796 4238 altera
1810 4190 1892 4260 pars
1907 4167 2024 4258 iubet,
2045 4174 2103 4244 in·

1113 4285 1168 4344 ter
1200 4265 1364 4342 homines
1395 4265 1489 4338 tueri
1515 4267 1716 4348 ordinatam
1749 4269 1995 4362 aequalitatem
2025 4287 2102 4346 tom

1114 4369 1354 4446 arithmetrica
1371 4382 1447 4440 tum
1462 4366 1672 4457 geometrica
1687 4368 1860 4459 analogia.
1885 4369 1977 4444 Cum
1994 4374 2104 4465 igitur

1115 4471 1174 4546 hic
1201 4467 1387 4544 Nicotaus
1413 4459 1568 4552 Costen,
1599 4481 1705 4540 natus
1737 4469 1776 4540 in
1808 4471 1941 4566 oppido
1974 4479 2101 4549 veteris

1114 4570 1298 4648 Marchiae
1313 4569 1609 4662 Tangcrmunda,
1642 4571 1747 4644 sciret
1766 4566 1929 4646 homines
1944 4580 2040 4650 nasci
2056 4583 2101 4650 ad

1114 4675 1284 4748 iustitiam
1301 4672 1505 4757 colendam,
1530 4683 1716 4767 postquam
1732 4673 1891 4766 linguam
1906 4677 2054 4750 latinam
2069 4696 2103 4754 et

1113 4780 1285 4852 clementa
1301 4767 1548 4870 philosophiae
1563 4773 1701 4862 didicit,
1728 4798 1864 4846 summa
1880 4802 1964 4850 cura
1982 4783 2103 4877 iuqui-

1113 4881 1197 4952 sivit
1209 4880 1326 4974 fontes
1346 4899 1450 4948 verae
1462 4875 1646 4948 doctrinae
1658 4878 1702 4946 de
1714 4873 1792 4948 Deo
1812 4877 1852 4947 in
1864 4875 2022 4954 Ecclesia
2037 4883 2102 4956 lilii

1115 4982 1201 5069 Dei,
1233 4996 1273 5054 nt
1294 4992 1387 5052 recte
1410 4977 1552 5049 invocet
1577 4973 1706 5052 Deum.
1755 4975 1994 5074 Amplectitur
2019 5010 2103 5077 crgo

1115 5086 1355 5176 incorruptam
1369 5075 1556 5170 Evangelii
1575 5078 1790 5166 doctrinam,
1815 5095 1850 5152 ct
1864 5083 1975 5154 animi
1990 5087 2106 5179 pieta·

1114 5202 1184 5257 tem
1207 5209 1288 5255 vera
1318 5180 1543 5254 invocatione
1563 5175 1632 5250 Dei
1657 5180 1697 5251 in
1720 5181 1899 5272 agnitione
1922 5199 1956 5256 et
1976 5187 2104 5260 fiducia

1115 5287 1331 5369 mediatoris,
1347 5281 1485 5354 domini
1499 5282 1614 5352 nostri
1634 5279 1661 5352 Ι.
1674 5279 1726 5368 C„
1751 5297 1786 5354 et
1801 5277 1948 5358 honesta
1962 5311 2104 5362 morum

1115 5387 1371 5480 gubernatione
1402 5383 1567 5457 declarat.
1619 5381 1758 5454 Deinde
1791 5384 1829 5456 in
1863 5387 1995 5482 scripto
2028 5393 2107 5469 ime

1576 5480 1627 5556 42
