4712 5828
256 226 329 312 ns
826 187 1262 296 srtsron'anon
1317 209 1420 284 orn.
1446 207 1529 288 ιιι.
1550 169 1560 222 ²
1582 157 1713 288 raas.
2210 213 2280 286 ιω

255 403 452 476 rationibus
473 411 572 492 potes
591 399 756 489 cogitare.
807 394 878 467 Sed
900 405 934 463 te
955 391 1057 460 valde
1076 411 1159 468 oro,
1192 409 1237 455 ne
1291 375 1466 452 Iacobum
1481 373 1685 450 Sturmium
1706 395 1903 454 senatorem
1922 377 2278 478 Argentoratum,

257 502 347 576 banc
362 529 436 574 rern
453 501 491 570 in
508 516 684 572 certamen
703 499 855 568 adducas
869 490 928 589 n)‚
953 493 1012 562 sed
1034 489 1151 582 potius
1166 487 1238 557 dis-
1291 505 1332 552 ex
1353 477 1421 552 hac
1442 483 1584 552 mortali
1598 484 1670 554 vita
1692 485 1735 552 ad
1754 481 1933 554 Ecclesiae
1949 486 2111 557 coelestis
2131 485 2278 556 societa-
2347 493 2348 502 ²

255 610 370 680 cedas.
420 603 486 675 Sin
509 615 625 672 autem
648 615 682 671 te
701 599 903 671 tolerabunt
918 594 1046 662 omissa
1060 589 1239 659 mentione
1292 599 1362 656 tem
1376 597 1559 653 evocatum
1576 579 1703 680 esse¹),
1728 609 1834 678 quem
1850 587 1955 656 valde
1968 587 2090 658 dilexi.
2130 583 2279 658 Accedit

255 703 362 776 huius
377 703 485 790 ritus,
509 705 633 774 doceto
654 702 825 794 populum
840 700 884 766 de
898 695 1129 766 fundamento
1147 705 1182 762 et
1196 691 1250 774 de,
1293 685 1400 774 igitur
1421 679 1512 754 mihi
1535 687 1579 754 ad
1602 699 1753 758 caeteras
1775 710 1979 772 aerumnas,
2011 689 2116 759 dolor
2135 703 2279 782 propter
2347 687 2348 726 ³

256 831 338 876 vera
356 799 579 889 adoratione,
603 827 693 896 qnae
716 803 784 870 lide
798 796 991 890 alloquitur
1005 793 1118 864 Deum
1142 791 1239 861 iuxta
1294 788 1489 856 multorum
1504 800 1653 856 mortem
1672 801 1706 858 et
1728 789 1921 858 amicorum
1946 791 2093 864 luctum.
2145 789 2280 881 Scripsi
2347 881 2348 884 Ἴ

255 907 525 1000 promissiones,
562 917 597 973 et
621 903 780 976 intuetur
811 895 1058 992 patefactiones
1090 893 1241 972 divinas,
1293 889 1337 956 ad
1355 887 1549 958 Dominum
1564 882 1610 956 de
1624 885 1887 974 Horreorum,
1911 893 1971 964 sed
1988 891 2155 962 breviter.
2206 889 2279 960 lam
2347 891 2348 916 ¹

254 1025 297 1078 ut
315 1009 381 1076 scis
395 1001 449 1102 ¹⁸).
488 1005 626 1075 Harum
645 1005 874 1073 maximarum
892 1020 1012 1068 rerum
1029 994 1240 1084 cogitatione
1293 987 1387 1056 enim
1404 988 1471 1056 iter
1486 987 1667 1078 ingredior
1679 984 1870 1060 Dresdam
1892 993 2112 1082 proiecturus
2134 1005 2280 1084 propter

249 1107 389 1197 ¹pinguli
414 1127 483 1174 nos
502 1107 595 1197 ipsos
612 1099 653 1200 19)
681 1104 820 1174 assidue
841 1119 1074 1170 exerceamus.
1134 1093 1242 1184 Quod
1295 1085 1504 1158 Academiae
1522 1091 1674 1176 reditus,
1707 1115 1796 1184 quos
1818 1093 1922 1162 nobis
1942 1094 2047 1186 eripit
2067 1091 2197 1166 Comes
2210 1089 2280 1164 Al-

257 1223 377 1280 autem
398 1205 513 1278 Filius
537 1203 605 1276 Dei
635 1207 673 1273 in
698 1227 810 1294 agone
832 1225 896 1271 suo
924 1199 1039 1268 oravit
1060 1209 1241 1266 aeternum
1294 1186 1415 1258 bertas
1436 1183 1741 1290 Mansscldensis
1758 1189 1804 1286 ²).
1863 1193 1924 1264 Sic
1944 1195 2136 1265 ostendunt
2158 1195 2281 1264 defen·
2347 1207 2348 1230 ¹

256 1309 417 1394 Patrem,
441 1321 483 1378 ut
502 1307 625 1390 saciat,
650 1319 691 1375 ut
712 1329 824 1374 unum
842 1303 953 1371 simus
971 1299 1008 1365 in
1029 1299 1122 1388 ipso,
1147 1297 1240 1366 idem
1295 1313 1390 1360 sores
1417 1293 1615 1362 studiorum
1636 1293 1856 1366 voluntatem
1880 1319 1979 1366 suam
2002 1319 2083 1386 erga
2093 1318 2189 1380 mos,
2221 1297 2280 1364 sed
2347 1307 2348 1318 ¹

256 1392 621 1502 nuncquoque'petit.
656 1403 704 1476 Et
721 1427 787 1474 nos
803 1407 847 1473 ad
863 1399 969 1472 buius
984 1399 1113 1468 summi
1129 1419 1242 1466 sacer·
1295 1393 1581 1464 commendemus
1597 1417 1662 1464 nos
1677 1392 1771 1466 Filio
1786 1393 1865 1465 Dei.
1913 1395 1967 1466 Te
1985 1398 2090 1466 audio
2102 1389 2281 1494 Lipsiom
2347 1449 2348 1454 ι

257 1513 351 1582 ,105⁵
373 1509 611 1604 precationem
634 1517 774 1576 nostros
796 1507 946 1595 gemitus
967 1513 1001 1569 et
1016 1513 1097 1568 vota
1115 1500 1243 1568 adiun-
1296 1493 1433 1574 vocari,
1459 1493 1518 1563 sed
1540 1518 1615 1564 non
1637 1495 1766 1586 opinor
1787 1510 1822 1566 te
1837 1521 1879 1566 ex
1896 1491 2053 1594 Sarepta
2075 1511 2135 1569 tua
2152 1499 2283 1567 disces-

257 1635 401 1702 gamus,
435 1609 546 1679 sitin
574 1609 678 1678 nobis
707 1607 811 1676 ctiam
841 1601 1050 1675 concordiae
1075 1599 1244 1670 studium.
1296 1617 1419 1663 surum
1440 1617 1522 1667 esse.
1573 1591 1638 1666 Est
1657 1591 1716 1666 bic
1733 1597 1813 1666 exul
1836 1597 1891 1666 vir
1906 1601 2023 1688 gravis
2045 1613 2079 1668 et
2101 1591 2283 1684 honestus,

256 1709 334 1802 Ego
352 1735 408 1780 me
428 1711 472 1779 ab
486 1707 653 1779 Ecclesiis
671 1703 796 1776 harum
819 1707 1004 1794 regionum
1019 1725 1169 1794 quarum
1186 1723 1246 1768 err-
1297 1694 1357 1788 qui
1371 1719 1451 1764 cum
1467 1695 1575 1766 fuerit
1589 1701 1749 1767 sacerdos
1763 1699 1801 1767 in
1817 1691 1976 1778 Russia,
2002 1713 2147 1790 propter
2160 1697 2285 1769 Evan-

258 1827 311 1884 tnt
333 1809 505 1882 consessio
529 1805 685 1879 exhibita
703 1801 844 1878 Catulo
868 1803 1077 1896 Imperatori
1097 1803 1136 1869 in
1160 1824 1245 1870 con·
1296 1795 1445 1884 gelium,
1471 1821 1510 1865 ac
1527 1811 1670 1888 propter
1683 1799 1886 1890 coniugium
1902 1823 1921 1870 a
1936 1799 2119 1870 Polonicis
2132 1799 2284 1894 Episco-
2347 1815 2348 1888 l

257 1927 366 1983 ventu
390 1907 610 2004 Augustam
631 1907 730 1980 Anni
759 1906 868 1980 1530.
896 1929 961 1976 nec
993 1901 1147 1972 disiunxi
1177 1924 1245 1972 un·
1299 1897 1351 1988 pis
1366 1899 1487 1987 pulsus
1502 1899 1557 1981 sit,
1578 1915 1694 1989 posset
1708 1901 1788 1970 usui
1802 1925 1874 1970 esse
1890 1901 1928 1968 in
1937 1895 2121 1970 Bohemia
2141 1917 2285 1994 propter
2347 1891 2348 1986 l

244 2003 383 2108 Δ«μιιιιιι,
411 2010 702 2100 necdisiungam.
752 2007 850 2078 Bene
867 2002 1008 2099 vale²⁰).
1059 2003 1246 2074 Amana·
1297 1997 1464 2086 linguam.
1515 1997 1655 2086 Quaeso
1673 2014 1717 2082 ut,
1736 2003 1768 2070 ei
1787 2003 1912 2072 nidum
1928 2002 2082 2096 aliquem
2106 2017 2285 2074 monstre-
2347 2001 2348 2092 l

258 2115 323 2186 tali
347 2105 483 2184 Christi
506 2135 547 2182 ex
570 2111 708 2202 virgine
735 2107 845 2183 1555.
901 2107 969 2178 Die
988 2099 1049 2180 25.
1075 2103 1246 2175 Novemb.
1298 2099 1359 2184 tis,
1386 2121 1495 2190 eaque
1516 2101 1560 2168 de
1582 2125 1619 2169 re
1642 2125 1721 2170 cum
1743 2099 1898 2172 Domino
1926 2097 2229 2173 dsHassenslein
2254 2119 2286 2174 et
2347 2109 2348 2148 ³

258 2241 330 2310 quo
363 2205 510 2283 fuerunt
545 2212 713 2282 encaenia
744 2203 1026 2305 Hierosolymae
1059 2203 1246 2300 repurgato
1297 2223 1377 2270 curn
1393 2201 1472 2269 aliis
1488 2201 1718 2294 colloquaris,
1746 2205 1806 2296 qui
1828 2205 1866 2273 in
1883 2205 1955 2273 suis
1972 2201 2137 2276 Ecclesiis
2153 2231 2285 2298 propa·
2347 2281 2348 2296 χ

260 2316 412 2409 templo,
438 2327 520 2386 ame
542 2307 840 2407 ann(‚s1715¹¹)⁸
1298 2300 1373 2390 gari
1387 2297 1622 2390 Evangelium
1645 2303 1764 2392 lingua
1787 2297 1929 2373 Henna
1951 2317 2087 2378 curant.
2140 2305 2286 2394 Quaeso

476 2403 479 2412 '
1213 2403 1217 2419 '
1298 2413 1337 2470 ut
1351 2395 1434 2470 ltuic
1450 2396 1697 2476 honestissimo
1712 2405 1789 2474 viro
1810 2419 1845 2476 et
1859 2407 2002 2495 coniugi
2024 2407 2098 2476 eius
2119 2409 2288 2477 consula-

1300 2502 1361 2586 tis,
1387 2517 1421 2572 et
1438 2497 1527 2570 mibi
1544 2529 1649 2596 quam
1672 2506 1824 2596 primum
1841 2509 1882 2576 de
1900 2503 1965 2576 hac
1981 2530 2020 2576 re
2044 2509 2188 2582 scribas.
2247 2507 2287 2578 ln
2347 2555 2348 2602 1

1298 2597 1366 2671 hoc
1379 2627 1528 2672 numero
1543 2619 1594 2674 est
1608 2601 1667 2674 hic
1681 2607 1772 2686 exul,
1799 2609 1842 2676 de
1857 2633 1928 2702 quo
1946 2607 2062 2700 inquit
2076 2607 2191 2678 Filius
2207 2605 2288 2692 Dei,
2347 2621 2348 2682 ἔ

1298 2697 1488 2800 Quicquid
1499 2703 1623 2775 unies:
1640 2705 1877 2806 islissecislis
1891 2701 2152 2808 midisecislis.
2195 2709 2287 2781 Mit—

1298 2818 1334 2873 to
1349 2805 1448 2873 vobis
1470 2809 1650 2896 poiimata,
1677 2811 1720 2876 de
1744 2809 1873 2901 quibus
1889 2811 2029 2900 postulo
2053 2823 2095 2880 ut
2110 2809 2288 2880 iudicium

1300 2919 1452 2974 vestrum
1475 2903 1564 2975 mihi
1587 2907 1797 2996 significetis.
1850 2907 1947 2979 Bene
1969 2923 2004 2980 et
2023 2911 2174 2984 feliciter
2194 2915 2288 2982 vale.

1298 3006 1363 3076 Die
1394 3005 1456 3079 25.
1490 3006 1661 3082 Novernb.
1693 3010 1755 3102 qui
1786 3011 1854 3081 tuit
1887 3011 1962 3080 dies
1997 3007 2289 3096 Encaeniorum,

1288 3125 1393 3202 'quae
1429 3119 1511 3176 ante
1551 3133 1663 3180 annos
1702 3109 1799 3182 1715
1826 3109 1853 3204 ³)
1887 3105 2140 3208 ierosolymae
2183 3117 2290 3184 insti·
2347 3151 2348 3156 ι

1297 3220 1371 3276 tuta
1398 3223 1491 3281 sunt.
2347 3227 2348 3236 ³

259 2707 450 2840 Q.

569 2907 637 2992 Io.
667 2905 931 2994 Mattdeaio.

328 3080 413 3154 spor.
429 3081 478 3140 n.
491 3080 526 3138 ιι.
544 3099 571 3156 p.
585 3082 628 3139 ss
645 3081 699 3150 (aa.
719 3079 806 3136 rasa.
825 3079 872 3136 n.
887 3079 921 3135 ιι.
941 3075 1063 3150 ...ιιι

469 3233 524 3310 D.
548 3229 757 3310 Iohanni
779 3225 1042 3308 Matldesio

260 3371 309 3462 S·
330 3382 378 3460 ll.
408 3383 615 3458 Reverende
627 3385 684 3454 vir
698 3396 731 3454 et
747 3379 950 3455 charissime
965 3384 1084 3468 irater,
1109 3380 1245 3454 Utrun-
1317 3389 1330 3416 ·

261 3513 329 3582 que
352 3488 521 3580 praecipit
535 3484 650 3570 Deus,
672 3499 708 3556 et
727 3481 865 3568 dolere,
889 3509 970 3555 cum
992 3511 1011 3556 a
1031 3485 1134 3556 nobis
1149 3485 1245 3554 avel-

165 3629 168 3636 ·
261 3591 387 3658 luntur
407 3589 462 3658 illi
483 3611 573 3680 quos
594 3588 741 3677 diligere
770 3588 974 3667 debuimus,
1009 3601 1044 3659 et
1067 3587 1243 3656 moderari
1352 3655 1362 3677 ,

263 3689 435 3760 dolorem.
485 3685 588 3757 Hauc
618 3713 841 3758 communem
870 3689 1026 3778 regulam
1054 3711 1156 3778 saepe
1179 3711 1244 3756 nos

263 3783 332 3858 hoc
352 3811 447 3858 anno
466 3788 617 3874 cogitare
634 3781 808 3878 oportuit,
833 3814 904 3882 quo
928 3803 999 3859 tarn
1023 3790 1134 3858 multa
1149 3787 1243 3856 vidi-

261 3912 341 3960 mus
355 3903 390 3958 et
403 3887 609 3977 Principum
622 3901 656 3958 et
672 3889 864 3958 amicorum
878 3890 1013 3958 lunera.
1046 3887 1110 3958 Pie
1124 3900 1158 3956 et
1173 3889 1244 3956 uti-

261 3991 344 4062 liter
357 3988 504 4060 servivit
517 3983 696 4056 Ecclesiae
711 3986 879 4080 Princeps
891 3982 1120 4060 Anhaltinus
1129 3981 1245 4056 Geor-

261 4090 346 4182 gius
363 4085 418 4182 *)‚
442 4089 487 4158 de
507 4111 578 4182 quo
600 4089 707 4158 audio
724 4087 838 4176 ipsum
860 4087 1108 4185 Imperatorem
1125 4079 1244 4158 Caro-

264 4188 340 4258 ium
365 4190 511 4272 dixisse,
528 4211 684 4280 *sperare
704 4211 740 4258 se
756 4184 992 4258 Ecrlesiarum
1018 4191 1244 4260 constitutio-

263 4313 344 4358 nem
373 4289 607 4377 perfecturum
637 4313 710 4360 esse
740 4283 808 4358 boc
829 4286 994 4382 Principe
1024 4291 1184 4360 adiutore
1211 4304 1245 4359 et

264 4389 420 4458 consiliis
444 4387 529 4456 eius.
579 4387 657 4487 Hoc
678 4405 713 4461 et
734 4404 883 4482 patrono
907 4405 941 4462 et
957 4391 1070 4462 amico
1092 4391 1245 4473 orbatus,

149 4546 151 4552 s
264 4511 432 4577 magnum
456 4487 586 4557 vulnus
611 4491 740 4582 accepi.
788 4489 912 4584 Nuper
943 4493 1048 4567 etiam
1075 4475 1245 4577 intellexi,

296 4791 342 4860 17)
360 4807 396 4844 m
408 4791 485 4844 sinas
500 4791 572 4842 bant
584 4804 609 4845 r.
620 4790 651 4843 itt
665 4807 688 4844 s.
703 4789 814 4858 deduce]
832 4789 919 4846 Mani.
931 4799 958 4845 el
973 4791 1035 4846 sod.
1050 4791 1170 4864 Guelpb.

296 4877 341 4943 18)
360 4891 433 4944 quas
440 4875 501 4945 fide
512 4879 579 4940 etc-1
597 4873 783 4930 desiderantur
795 4874 823 4928 in
839 4873 927 4929 mant.
938 4883 963 4928 et
976 4875 1039 4930 cod.
1053 4875 1175 4950 Guelpb.

295 4963 340 5032 19)
357 4960 441 5016 Peras.
452 4959 619 5024 cogitatione
634 4977 683 5012 res
695 4961 781 5026 absos.
1198 4962 1202 4975 ¹

294 5045 338 5116 20)
360 5043 439 5115 Quas
450 5051 602 5112 sequuntur
614 5041 800 5096 desiderantur
813 5040 841 5096 in
854 5037 942 5100 Mani.
955 5048 981 5094 et
995 5039 1057 5097 rot.
1072 5037 1190 5111 Guelpb.

294 5129 341 5198 21)
360 5130 418 5184 Aut
429 5143 487 5181 non
502 5123 576 5181 tsss.
590 5124 637 5177 sed
652 5125 725 5180 1554.
739 5127 838 5196 scripta
853 5133 920 5180 este
940 5121 1027 5192 istola,
1044 5133 1092 5180 sut
1103 5139 1153 5194 pro
1168 5123 1243 5180 1715.

328 5195 503 5322 serigppigu'm
523 5201 565 5248 sst
579 5193 654 5250 1715.
689 5193 752 5274 Yid.
773 5212 832 5266 epp.
852 5193 878 5250 d.
890 5144 938 5250 iii
949 5191 1018 5251 Nor.
1035 5192 1147 5265 scriptas
1165 5194 1243 5248 sonis

294 5281 417 5416 'lpilbiit
429 5348 457 5403 ds
474 5347 513 5404 17.
526 5343 590 5404 Ost·
607 5341 682 5402 1557.

2112 3625 2289 3742 uro

1562 3810 1614 3900 (ἱ.
1647 3811 2020 3900 Commerstedio.

1364 3979 2141 4058 rmwmmmmmmfflm

1470 4135 1525 4216 D.
1551 4134 1755 4236 Georgia
1778 4127 2105 4214 Comerstadio

1296 4285 1343 4372 S.
1362 4295 1407 4371 D.
1456 4299 1645 4391 Magnifice
1659 4305 1716 4373 vir
1737 4319 1773 4376 et
1788 4317 1935 4395 patrone
1949 4307 2116 4391 colende,
2138 4303 2220 4378 ttrst
2246 4313 2289 4380 in

1295 4413 1391 4470 tanta
1406 4401 1498 4470 mole
1514 4407 1785 4495 occupationum
1800 4420 2014 4494 vestrarum,
2037 4431 2112 4478 non
2127 4409 2294 4483 libenter

1296 4503 1341 4572 ad
1357 4502 1473 4572 aulam
1492 4505 1625 4574 scribo:
1651 4519 1768 4576 tamen
1782 4507 1861 4578 talis
1876 4523 1927 4578 est
1942 4508 2033 4594 vita,
2058 4522 2099 4580 ut
2114 4509 2194 4580 sine
2215 4535 2291 4604 ope

1295 4603 1570 4693 gubernatorum
1601 4607 1721 4676 vivere
1753 4631 1828 4678 non
1860 4609 2047 4700 possimos.
2102 4605 2151 4681 Et
2184 4635 2293 4684 nunc

1296 4719 1493 4795 temporum
1515 4708 1703 4778 difficultas
1727 4711 1839 4798 auget'
1853 4711 2010 4799 negocia.
2069 4705 2147 4781 Oro
2173 4714 2294 4802 igitur

1295 4818 1335 4874 ut
1359 4805 1499 4874 veniam
1524 4807 1629 4878 nobis
1653 4808 1759 4892 detis,
1792 4811 1888 4902 quod
1912 4811 2002 4881 istuc
2024 4811 2144 4882 literas
2168 4815 2295 4886 mitti-

1302 4993 1505 5004 ...n—uu...-

1329 5109 1357 5176 1)
1377 5107 1454 5162 Obiit
1468 5107 1550 5166 (1.80.
1563 5109 1629 5166 Oci-
1642 5110 1718 5168 1553.

1326 5195 1360 5266 2)
1378 5195 1437 5264 lpse
1449 5211 1504 5248 ooo
1517 5195 1607 5250 statim
1621 5195 1828 5268 esttprol'eclm
1844 5197 1891 5251 sed
1911 5195 1995 5253 Doti.
2007 5193 2230 5268 sebastiensis,
2251 5209 2296 5266 ct,

1361 5282 1403 5334 ep.
1414 5263 1441 5320 d.
1454 5264 1498 5332 19,
1513 5265 1585 5318 blas.
1600 5264 1626 5318 t.
1639 5283 1664 5319 ι.
1689 5263 1851 5322 Melanthos
1862 5268 1914 5320 iter
1925 5267 1967 5321 lest
1981 5267 2116 5338 inpressos
2127 5267 2294 5332 insssae.

1325 5349 1354 5420 5)
1373 5347 1460 5402 Error
1472 5356 1512 5403 est
1526 5349 1555 5403 in
1568 5365 1700 5420 numero,
1717 5357 1782 5403 sunt
1793 5347 1861 5405 anci
1874 5349 1952 5410 1715.
