4726 5818
225 189 303 264 ddi

232 353 287 433 D.

800 169 1236 252 nrisroninuu
1288 177 1502 279 sinan.
1554 179 1685 260 issa.

324 351 499 430 Adomo
530 349 698 429 Sibero
727 345 924 448 gubernat.
988 341 1148 422 Sciolos
1180 343 1220 422 isi

575 453 663 528 urbs
698 447 873 526 Grimmo

233 599 283 688 S.
305 603 352 678 D.
402 601 495 676 Cum
522 601 737 675 audivissem
767 621 930 692 magnam
961 599 1086 692 oppidi
1116 601 1223 672 vestri

234 724 370 810 partein
385 705 550 777 incendio
567 705 727 798 periisse,
753 703 857 772 valde
872 715 1115 772 consternatus
1129 727 1223 773 suin:

236 810 394 888 scholam
412 809 584 898 integram
603 829 675 876 esse
697 803 805 875 simul
827 803 1035 893 audiebam,
1071 828 1224 898 proquo
1856 883 1862 891 ι

234 911 406 992 beneficio
422 907 499 980 Deo
515 907 641 998 gratias
655 929 737 996 ago,
756 917 791 976 et
804 917 879 976 toto
895 929 976 974 eum
993 919 1132 996 pectore
1149 931 1226 988 oro,
1276 899 1455 1000 Epistola
1481 899 1689 978 Reverendi
1716 905 1787 978 viri
1820 903 1874 981 D.
1909 901 2139 1006 Philippi
2169 905 2234 980 M
2234 934 2280 978 e-

236 1032 280 1092 ut
294 1037 357 1087 vos
371 1011 562 1104 gubernet,
588 1022 623 1080 et
644 1030 775 1099 poenas
797 1006 918 1080 leniat.
978 1003 1138 1080 Fratrem
1157 1007 1226 1078 sal·
1278 999 1531 1076 lonthonis
1555 1007 1693 1104 scripta
1710 1005 1936 1106 deopinionr
1954 1003 2120 1080 Lectoris
2142 1007 2279 1080 detri-

238 1142 324 1190 vum
340 1113 485 1184 rediisse
504 1125 538 1184 et
562 1110 699 1180 arculas
719 1102 925 1178 Simonidis
947 1131 1022 1178 non
1037 1109 1227 1180 illiberales
1333 1105 1428 1205 plici
1446 1103 1717 1200 iustificatione.
1768 1119 1945 1202 (linertpiio
1961 1123 1992 1180 tn
2008 1121 2214 1202 apographo.)

238 1221 346 1292 fuisse
370 1213 516 1306 gaudeo.
572 1209 649 1300 Ego
673 1233 813 1305 quoque
834 1209 1086 1300 gratitudinem
1108 1225 1227 1282 osten·
1279 1241 1404 1324 qiam„
1432 1255 1470 1320 fn
1493 1255 1616 1324 dolore
1645 1279 1724 1326 sum

240 1326 324 1391 dere
346 1315 513 1398 studebo,
545 1314 640 1407 quod
662 1326 821 1382 amanter
844 1311 880 1379 in
895 1335 1000 1402 opere
1015 1311 1097 1382 utili
1112 1328 1147 1384 et
1162 1316 1229 1382 du-

241 1437 381 1502 raturo,
402 1415 471 1484 mei
486 1413 702 1483 mentionem
721 1413 846 1483 iecisti.
899 1411 977 1482 lam
1001 1409 1090 1483 mibi
1108 1437 1231 1484 narra-

227 1519 302 1610 'tur

310 1578 320 1609 ,
353 1519 392 1588 in
405 1511 586 1616 Polonio,
611 1509 779 1596 Roscio,
811 1528 845 1584 et
870 1509 1010 1584 Silesio
1032 1517 1142 1586 multa
1159 1539 1230 1584 esse

243 1621 425 1703 incendia,
452 1631 486 1686 et
501 1630 619 1708 captos
636 1639 721 1710 esse,
749 1615 809 1710 qui
825 1615 1018 1701 fateantur,
1042 1640 1113 1687 sea
1131 1611 1232 1686 Tur·

243 1725 310 1805 cis,
344 1736 378 1794 et
397 1713 553 1789 Iudaeis
575 1721 766 1788 conductos
790 1741 877 1786 esse:
911 1720 970 1786 sed
996 1719 1163 1790 usitatum
1182 1732 1232 1788 est

243 1847 406 1896 accusare
420 1822 526 1901 alios,
552 1843 632 1888 enni
647 1833 788 1892 nostros
802 1841 917 1886 mores
930 1817 1046 1909 potius
1060 1843 1234 1902 accusare,

231 1943 281 1998 ,et
304 1925 492 1994 emendare
517 1922 736 1994 deberemus.
788 1917 886 1990 Bene
911 1935 945 1991 et
968 1919 1118 1993 feliciter
1144 1921 1232 1994 vale.

901 2459 909 2472 .
976 2411 1122 2489 (exeunte
1137 2406 1235 2488 Aug.)

1001 2500 1213 2536 Μ

587 2599 890 2714 (Iudicium.)

315 2773 338 2847 †
357 2747 530 2846 Discriptusn
551 2783 591 2828 est
609 2775 662 2831 boc
680 2774 812 2830 iudicium
831 2797 846 2830 a
864 2776 948 2831 Mi'cls.
962 2777 1073 2832 Volent.
1090 2777 1193 2844 zucra
1207 2797 1236 2834 es

350 2843 506 2927 apographo
521 2843 564 2898 sel
576 2843 743 2966 autographo
756 2847 782 2898 in
796 2845 918 2901 biblioth.
932 2843 1091 2900 Academiae
1101 2847 1236 2900 Hernicu-

348 2933 400 2980 sis,
424 2921 449 2966 et
465 2913 544 2966 missa
558 2913 633 2965 1776.
647 2914 679 2966 ad
713 2916 927 2977 .Nueaseltum‚
950 2913 1120 2985 Theologum
1134 2915 1237 2970 llalen·

350 3001 422 3062 seui,
450 2979 497 3050 qui
518 2982 564 3033 illo
584 2990 707 3065 tempore
732 2983 862 3064 epistolar
882 2982 1067 3036 Melantbonis
1084 2983 1237 3066 colligebat.

349 3047 1240 3188 a·i·a:uaaautsii·iaiaiaa:iiia

349 3185 486 3246 llalensis,
510 3185 558 3256 qui
578 3188 658 3240 simul
671 3205 722 3255 apo
742 3207 768 3242 ra
789 3187 874 3241 bone
895 3187 988 3240 istolae
1002 3189 1148 3259 Emingae,
1172 3207 1239 3260 quae

348 3251 485 3308 scribendi
498 3253 669 3307 occasionem
686 3206 759 3308 dedit
807 3207 962 3328 elantlorii,
984 3256 1061 3310 cuius
1077 3269 1179 3326 partem
1195 3257 1239 3312 liic

352 3319 554 3394 subiunximus,
577 3341 607 3378 es
626 3341 678 3393 qua
698 3341 778 3378 caiisa
796 3325 852 3394 ipsa
870 3323 933 3377 satis
952 3325 1115 3396 perspicitur
1124 3325 1161 3394 ¹⁸⁸).
1197 3327 1238 3379 tie

247 3623 280 3688 *J
299 3623 426 3691 Epistola
444 3621 623 3676 Caesonis
643 3621 831 3691 limingae,
850 3623 975 3678 lectoris
988 3625 1183 3692 Siesoicenst's,
1198 3629 1240 3678 od

421 3696 569 3744 nonnullos
594 3695 801 3745 concionatores
819 3697 849 3745 in
871 3695 1064 3750 A'i'clerstodin.

352 3791 442 3845 Relata
463 3792 603 3844 cuiusdam
628 3791 737 3862 accepi,
761 3793 874 3846 candide
894 3793 996 3862 lector,
1018 3797 1163 3867 quemdam
1188 3795 1238 3850 Io·

317 3863 414 3915 castium
426 3865 469 3932 a),
496 3861 541 3929 qui
560 3861 681 3929 proxime
695 3881 709 3911 a
724 3860 804 3914 nobis
818 3863 850 3914 ad
865 3863 1047 3917 ministerium
1060 3865 1239 3935 apostolicum

319 3929 452 3983 admissus
465 3940 521 3994 est,
545 3927 677 3998 quaedam
692 3947 761 3980 iane
779 3938 806 3981 et
823 3929 890 3982 salse
903 3934 1048 4002 sparsisse,
1074 3935 1153 3986 sicuti
1169 3933 1240 3986 solet

320 3999 501 4052 adolescentia
524 3997 609 4067 plenis
631 3996 725 4050 buccis
742 4014 804 4050 suas
826 3999 916 4052 efflare
938 4003 1039 4070 glorias
1056 4011 1082 4054 et
1097 4003 1174 4054 bouis
1189 4003 1238 4056 de-

319 4066 452 4120 trahendo
486 4065 657 4138 popularium
691 4072 718 4116 ei
746 4067 967 4137 applaudentium
1003 4070 1112 4123 inanem
1147 4070 1239 4126 venam

338 4153 412 4189 niatu
416 4160 608 4186 -----

319 4155 333 4190 ³
354 4203 610 4261 Decantsorersia.
630 4219 699 4268 quae
716 4201 788 4252 iuter
807 4219 851 4254 iiie
875 4212 900 4254 et
925 4204 964 4260 Μ,
987 4205 1189 4275 Hieronymum
1200 4207 1239 4278 tp),

320 4281 381 4325 nala
407 4280 462 4342 est,
491 4282 517 4323 et
535 4273 661 4341 utrinque
680 4271 819 4341 acerbius,
849 4291 930 4342 quam
952 4285 1099 4346 utrumque
1120 4277 1241 4346 decebat,

320 4339 447 4406 defensa,
473 4351 497 4392 et
510 4340 713 4405 immodestius,
741 4357 821 4408 quain
837 4361 878 4393 res
891 4351 918 4392 et
937 4343 1012 4397 locus
1029 4345 1183 4413 postulant,
1201 4346 1240 4401 sic

320 4427 348 4461 ae
374 4407 462 4460 habet.
496 4407 566 4460 Cuui
592 4408 636 4460 bic
659 4407 801 4460 sisteretur
825 4409 957 4479 examini,
986 4413 1183 4481 percunctabar
1207 4414 1240 4468 ab

319 4478 394 4596 *tlt
415 4476 1241 4616 lii‘lilidi.¹'.‘.·'.i“'¹.ll’².iii.„illidii..lliliii⁵¹'.⁸.¹.¹'.³

686 4583 694 4610 ,
1021 4577 1025 4591 .
1224 4581 1240 4595 .

319 4624 463 4684 queretur,
488 4613 619 4684 quaesivit
639 4611 782 4682 qiiotuples
798 4627 836 4665 eit
850 4617 972 4670 iustitia?
1008 4623 1077 4672 coin
1092 4617 1240 4688 haesitaret,
1283 4669 1284 4674 ,

320 4684 440 4736 solebant
462 4681 615 4750 explicatius
635 4682 708 4750 quod
731 4683 879 4736 sentiebam
906 4685 1008 4747 dicere.
1056 4687 1163 4738 Asserui
1185 4697 1243 4743 tres

318 4769 375 4806 esse
395 4749 591 4802 iustificationis
611 4751 715 4800 modos.
760 4753 888 4804 Pri'sisuiri
908 4764 989 4826 atque
1009 4755 1159 4834 principem
1177 4775 1241 4809 nio-

321 4821 401 4884 dum,
428 4823 537 4887 quando
551 4837 580 4870 ex
602 4817 744 4887 tyrannide
757 4815 869 4871 Satanae
889 4823 1034 4877 asserimur
1048 4823 1075 4874 in
1092 4823 1242 4880 libertatem

319 4890 438 4941 liliorum
454 4885 520 4948 llei,
545 4886 622 4940 uobis
641 4885 758 4956 gratuito
771 4885 961 4944 condonantur
974 4901 1082 4961 peccata
1098 4905 1122 4943 et
1141 4894 1240 4948 institia

318 4969 427 5012 aeterna
442 4957 471 5008 in
486 4954 592 5010 Christo
608 4955 767 5024 imputatur.
802 4957 948 5024 Alterum,
968 4963 1077 5032 quaudo
1092 4980 1154 5014 suos
1169 4966 1241 5016 Deus

318 5036 458 5098 regenerat
478 5037 503 5076 et
524 5032 649 5086 renovat,
674 5021 804 5076 relosmat
824 5025 857 5078 ad
870 5023 1032 5098 imaginem,
1057 5030 1084 5080 iu
1107 5048 1157 5100 qua
1171 5051 1240 5086 cori-

253 5167 449 5183 m·-

283 5263 310 5312 τ’)

284 5345 308 5396 ⁶)

327 5261 377 5306 lac.
390 5258 539 5317 tls-ogerum,
558 5255 635 5300 fllium
649 5257 755 5311 pastoris
770 5256 904 5320 liuniburg.

328 5343 393 5387 llier.
406 5341 529 5398 cypressis
542 5341 565 5388 S.
581 5339 799 5404 ttnpsenchntui„

2181 185 2265 260 832

1374 346 1489 432 Eminga
1503 347 1613 407 doctiss.
1627 349 1712 406 Galle
1724 349 1833 408 scribite
1850 353 1911 425 „Sa
1923 353 1965 412 lo.
1981 353 2094 412 Molleri
2109 349 2225 426 Aagoge
2236 355 2271 409 ait

1372 417 1516 472 historiam
1539 420 1703 476 Chersonesi
1726 421 1865 478 Cimbriae
1892 423 1924 478 P.
1947 423 1995 480 ΙΙΙ.
2013 443 2039 494 p.
2058 425 2119 480 ⁸5⁰.
2143 429 2211 492 linit
2235 425 2273 484 idi

1375 489 1422 544 tisis
1442 491 1528 546 caeso
1553 490 1588 544 ab
1609 487 1737 560 Eminga,
1771 489 2021 563 Groesiisgeisseni,
2051 501 2126 550 antsr
2141 497 2189 550 ten
2209 507 2274 548 ocia

1376 557 1473 625 coion
1487 557 1587 628 leitil)
1602 574 1632 628 iii
1648 560 1806 630 britannico
1821 579 1856 620 on
1869 566 1924 618 trin
1943 578 1992 619 nis
2007 565 2148 626 addistis
2163 563 2276 620 &mices

1377 626 1495 694 aiaton
1525 629 1695 694 domnolum
1724 631 1857 696 berulensis
1885 619 2020 688 wionem
2048 631 2219 700 tinprsiilist.”
2239 655 2277 668 -

1378 693 1450 761 Quis
1468 693 1649 750 Melanthoiiii
1671 697 1803 752 iudicium
1823 700 1858 753 «te
1880 701 1930 753 bac
1947 701 2134 755 eonnoseriia
2159 700 2278 771 quaesi·

1378 764 1460 834 serit,
1486 783 1541 816 riou
1564 763 1658 836 liquet.

1750 1271 1954 1350 propterea,
1993 1259 2089 1352 quod
2117 1260 2280 1330 subinde

1280 1381 1372 1426 nova
1388 1355 1531 1424 dissidia
1550 1361 1805 1444 accendantur,
1836 1371 1877 1429 ut
1890 1375 2026 1450 optem,
2052 1374 2158 1430 utine
2175 1357 2280 1430 Deus

1281 1459 1350 1529 cito
1375 1481 1414 1526 ex
1440 1451 1505 1524 liae
1528 1457 1626 1526 rabie
1649 1459 1873 1548 ingeniorum
1903 1461 1940 1528 iii
1968 1457 2161 1530 Ecclesiam
2188 1487 2277 1530 coe-

1280 1561 1401 1630 lestem
1418 1559 1579 1634 abducat.
1631 1555 1679 1632 Et
1695 1585 1768 1632 non
1784 1561 1999 1632 dissentiunt
2015 1557 2178 1633 boiuiiics
2195 1579 2281 1633 tan-

1283 1717 1504 1734 aunan—‘-

1352 1785 1401 1838 diti
1413 1803 1522 1854 sumus,
1540 1784 1588 1856 qui
1602 1785 1628 1840 in
1642 1785 1692 1842 bac
1706 1787 1756 1842 sita
1769 1807 1826 1844 nori
1841 1787 1990 1862 perficitur.
2026 1788 2167 1852 Terts'iim,
2183 1809 2280 1862 qssasi·

1350 1855 1387 1906 do
1399 1853 1541 1907 laudamur
1554 1864 1664 1926 propter
1676 1856 1718 1925 pia
1734 1857 1813 1912 lacta.
1850 1855 1923 1911 llaec
1938 1859 1979 1912 Μ.
1992 1859 2178 1927 Hieronymus
2192 1877 2281 1910 esor-

1350 1941 1396 1978 sus
1410 1932 1448 1976 est
1480 1922 1571 1976 rarius
1586 1923 1719 1986 refutare,
1737 1943 1817 1998 quani
1834 1945 1893 1994 res,
1912 1943 2027 1996 persona
2042 1935 2069 1980 et
2082 1930 2160 1982 locus

1353 1993 1406 2046 bat.
1472 1993 1578 2062 rgebat.
1602 2002 1631 2045 ut
1644 1997 1787 2114 probarem
1801 1997 1910 2050 tertium
1926 1997 2058 2058 modoini
2079 2013 2143 2050 nam
2163 1947 2283 2066 ‘pom-

1355 2079 1401 2112 uio
1416 2061 1477 2113 satis
1492 2069 1608 2116 constat.
1666 2061 1760 2114 sobavi
1782 2084 1811 2116 es
1829 2065 1947 2132 lacobo,
1972 2083 2054 2136 quent
2074 2065 2184 2132 reiecit,
2212 2083 2282 2120 curri

1354 2143 1442 2184 tanien
1464 2147 1557 2180 omnes
1578 2132 1663 2182 nostri
1683 2143 1874 2214 praeceptores
1894 2133 1922 2185 iii
1942 2135 2011 2187 lianc
2024 2134 2188 2187 sententiam
2211 2151 2282 2185 euni

1354 2197 2114 2324 aaaiatt¹3iti:.‘tta·.:·trifarias!
2130 2201 2282 2322 atriti·

1353 2335 2283 2480 siaasittatirti1.ti':t⁶⁰¹t2:„.iiiaaa:tint

1354 2470 2284 2611 iiiiii,.l⁰i.i²ll¹.il³.¹2¹'iil'illidii‘’..i'⁰.il⁸i.‘l.‘i²i¹.liii‘

1354 2609 1445 2666 ficatio
1458 2619 1485 2662 et
1498 2610 1604 2662 iustitia.
1639 2609 1669 2664 ln
1688 2611 1769 2664 nobis
1781 2613 1859 2668 Deris
1876 2615 1928 2666 iani
1943 2621 2071 2694 operatur
2088 2611 2283 2682 qualitativam

1355 2677 1502 2745 iustitiam,
1526 2697 1593 2758 qnae
1613 2677 1715 2731 diversa
1735 2691 1773 2733 cst
1797 2700 1812 2733 a
1831 2682 1937 2752 priore;
1966 2681 2050 2751 igitur
2070 2679 2283 2748 regeneratione

1356 2747 1455 2802 dicitur
1471 2763 1520 2798 sios
1531 2747 1684 2802 iustificare.
1718 2746 1861 2804 Praeterea
1871 2749 1953 2821 ipsius
1967 2747 2041 2802 serbi
2054 2757 2164 2819 etymon
2177 2767 2283 2818 graece

1355 2828 1382 2870 et
1394 2814 1476 2869 latine
1493 2816 1624 2884 significat
1636 2816 1735 2870 iustum
1750 2817 1850 2873 lacere.
1885 2820 1979 2872 loann.
1996 2821 2023 2870 iri
2037 2819 2151 2888 Apocal.
2172 2819 2217 2870 22
2239 2820 2283 2872 sit

1355 2903 1419 2939 usus
1434 2891 1488 2935 est:
1512 2881 1557 2952 qui
1574 2883 1698 2936 sordidus
1715 2896 1769 2950 est,
1794 2889 1933 2941 sordescat
1945 2887 2045 2950 adbuc,
2065 2888 2111 2958 qui
2124 2888 2212 2938 iustus
2229 2895 2283 2947 est,

1356 2953 1516 3007 instificetur
1534 2951 1631 3006 adbuc.
1675 2953 1743 3006 ltein
1765 2957 1776 3006 l
1798 2955 1863 3011 Cor.
1883 2957 1929 3009 a:
1959 2955 2027 3008 liaec
2051 2955 2160 3036 quidem
2182 2955 2279 3034 eratis,

1355 3027 1401 3077 seit
1427 3020 1513 3074 abluti
1532 3020 1610 3088 estis,
1636 3021 1682 3074 sed
1706 3025 1866 3080 sanctificati
1890 3026 1967 3086 estis,
1991 3023 2036 3076 sed
2056 3021 2192 3076 iustificati
2215 3025 2283 3074 estis

1356 3087 1661 3161 perdomiuumlesum
1679 3089 1826 3148 Christum.
1862 3093 1991 3147 llicsane
2008 3100 2131 3164 apparet,
2159 3091 2281 3144 Paulum

1355 3177 1411 3212 nou
1426 3167 1531 3211 tautum
1547 3157 1664 3228 primuni
1676 3159 1807 3230 modum,
1829 3163 1876 3215 sed
1896 3173 1923 3214 et
1937 3161 2088 3216 secuudum
2105 3159 2282 3225 intellexisse,

1356 3229 1459 3296 idest,
1483 3225 1634 3280 incboatani
1654 3229 1680 3280 iu
1699 3231 1801 3284 sanctia
1821 3233 1964 3300 puritatem
1985 3238 2013 3282 et
2029 3229 2239 3282 sanctimoniam
2256 3239 2282 3282 rt

1356 3297 1499 3360 iustitiam,
1526 3312 1606 3360 quain
1621 3297 1744 3352 Christus
1763 3300 1856 3369 spiritis
1870 3317 1921 3352 suo
1938 3297 2030 3352 efficit.
2064 3298 2185 3370 Apparet
2204 3313 2283 3367 quo·

1376 3385 1423 3429 tie,
1450 3363 1593 3416 Danielem
1606 3383 1665 3434 cap.
1681 3367 1712 3418 tt
1736 3367 1844 3420 sinestra
1862 3385 1956 3420 vocem
1969 3383 2124 3436 usurpasse,
2144 3374 2175 3417 ut
2187 3365 2284 3434 sigui-

1355 3383 1433 3488 icetz
1457 3433 1491 3486 ad
1505 3430 1631 3486 iustitiam
1648 3446 1823 3494 convertere.
1846 3435 1947 3490 iustitis
1965 3435 2094 3488 imbuere.
2129 3434 2283 3488 Postremo

1355 3501 1443 3556 sancti
1460 3511 1549 3570 patres
1563 3501 1648 3570 graeci
1664 3513 1690 3555 et
1704 3505 1778 3556 latini
1793 3504 1832 3556 sic
1846 3514 2022 3586 usurparunt.
2059 3503 2230 3570 Augustinus
2248 3505 2283 3558 de

1356 3581 1531 3641 peccatorum
1547 3569 1649 3621 uiesiiis
1663 3580 1689 3624 et
1703 3571 1877 3640 remissione,
1903 3575 1949 3625 bb.
1965 3577 2004 3636 l.,
2023 3587 2050 3624 c.
2065 3573 2106 3623 10.
2131 3571 2285 3623 denatura

1356 3648 1383 3694 et
1395 3637 1477 3709 gratia
1491 3654 1551 3715 cap.
1561 3637 1621 3704 62,
1643 3638 1852 3712 chrysostomus
1860 3652 1886 3694 et
1900 3642 1945 3694 alii
1959 3639 2050 3692 multis
2064 3644 2091 3694 in
2108 3639 2191 3706 locis,
2209 3657 2285 3710 quae

1357 3725 1406 3761 suo
1421 3709 1495 3763 loco,
1515 3723 1536 3755 si
1553 3719 1643 3774 pergat
1661 3709 1805 3776 lacessere,
1824 3713 2048 3764 recensi-buntur.
2085 3707 2201 3762 Ostendi
2217 3711 2286 3761 liuic

1356 3773 1520 3830 adolescenti
1546 3775 1644 3826 libruni
1666 3777 1865 3830 conciliationis
1884 3778 2037 3847 aliquorum
2063 3779 2205 3840 locorum,
2236 3777 2287 3831 cui

1357 3863 1421 3898 cuni
1442 3843 1568 3906 Plst'lippo
1587 3852 1614 3896 el
1635 3845 1811 3898 Brents'oalii
1828 3848 1918 3926 magni
1934 3845 1958 3898 T
1960 3843 2069 3916 henlogi
2087 3845 2287 3914 interfuerunt,

1357 3929 1424 3982 quac
1438 3909 1593 3964 conciliatio
1606 3913 1639 3964 ab
1654 3917 1780 3965 omuibus
1792 3913 1933 3968 ordinibus
1951 3915 2161 3968 Protestautiusn
2174 3932 2284 3984 appro-

1357 3981 1417 4032 bata
1438 3987 1494 4045 est,
1523 3995 1605 4048 quam
1629 3979 1762 4034 Germani
1785 4001 1849 4036 cum
1872 3981 1998 4036 Bobemis
2023 3991 2050 4035 et
2076 3981 2232 4035 Austriacis
2256 3991 2288 4034 us

1357 4046 1543 4116 publicaretur
1555 4047 1688 4102 submisse
1703 4053 1890 4121 postularunt,
1913 4054 1960 4104 sed
1976 4051 2097 4118 busin,
2120 4067 2288 4129 repugnan-

1357 4115 1429 4169 tibus
1442 4113 1565 4184 Papiitis.
1608 4116 1649 4169 lle
1666 4117 1722 4170 istis
1744 4121 1803 4171 ride
1821 4120 1978 4174 Sleidanuui
1993 4123 2026 4174 de
2048 4131 2117 4174 statu
2130 4119 2178 4172 rel·
2202 4122 2289 4180 sonu.

1358 4185 1441 4237 latum
1455 4183 1554 4236 librum
1565 4203 1639 4236 meus
1653 4185 1811 4241 adolescens
1826 4207 1892 4243 rane
1906 4199 1931 4241 et
1944 4191 2168 4258 talsesuspitatur
2207 4191 2286 4242 sian-

1358 4251 1399 4304 dri
1421 4251 1520 4320 luisse,
1546 4261 1576 4304 ut
1602 4263 1643 4306 est
1666 4255 1767 4310 insidia
1793 4260 1913 4326 suspicax
1933 4267 1959 4310 et
1983 4259 2135 4328 ignorantia
2154 4261 2287 4326 snpeiba.

1360 4319 1443 4386 Vide,
1469 4319 1587 4373 condide
1607 4323 1706 4390 lector,
1731 4323 1754 4376 si
1773 4325 1836 4396 quid
1853 4326 1895 4378 bis
1911 4323 2066 4380 commerui
2085 4335 2130 4377 aut
2143 4327 2290 4394 commiss,

1357 4398 1403 4442 aut
1421 4387 1506 4443 sicubi
1535 4391 1599 4444 baec
1612 4389 1750 4445 distinctio
1769 4393 1889 4446 haeresin
1908 4395 2007 4466 sapiat,
2035 4413 2087 4464 qua
2107 4404 2168 4446 nota
2188 4393 2289 4449 bonus

1358 4458 1515 4512 adolescens
1538 4477 1582 4510 me
1600 4476 1784 4530 conspurcare
1803 4473 1830 4514 et
1843 4480 1995 4533 conspuere
2012 4475 2137 4517 conatur.
2171 4460 2290 4519 come-

1357 4537 1452 4578 rantur
1468 4525 1534 4580 liaec
1552 4545 1614 4580 cuni
1638 4531 1795 4601 scripturis,
1823 4547 1885 4584 curii
1903 4535 2002 4584 sanctis
2019 4533 2154 4602 patribus,
2173 4551 2289 4600 expers·

1358 4593 1523 4647 danturdili
1544 4594 1647 4662 entius,
1680 4599 1834 4668 adparcbil,
1866 4598 1932 4651 nibil
1953 4601 2081 4652 amissum
2102 4619 2175 4666 csse,
2208 4605 2290 4672 quod

1378 4665 1502 4714 cubatum
1521 4613 1689 4736 ‘l‘beologum
1711 4665 1848 4720 offendere
1867 4667 1961 4736 possit.
2002 4668 2032 4720 ai
2053 4669 2142 4721 statim
2158 4687 2244 4722 error
2262 4683 2290 4726 si

1357 4682 1474 4784 iaeresis
1502 4731 1569 4797 erit,
1604 4734 1678 4804 quod
1710 4735 1754 4787 isti
1778 4733 1965 4790 adolescentes
1989 4738 2113 4790 nondum
2140 4735 2290 4807 viderunt,

1358 4799 1443 4850 miilta
1458 4797 1588 4853 catholica
1604 4803 1786 4854 censebuntur
1798 4801 1941 4857 haeretica.
1971 4803 2087 4860 Utinam
2098 4805 2291 4876 expenderent

1358 4867 1510 4933 eiusmodi,
1536 4885 1619 4934 quam
1635 4869 1799 4940 flagitiosum
1824 4871 1873 4934 sit,
1891 4873 2042 4928 hereseos
2060 4891 2221 4944 quenquam
2241 4881 2292 4931 irs-

1358 4934 1486 4988 simulare
1505 4945 1531 4988 et
1553 4936 1598 4990 tali
1614 4939 1779 4992 contumelia
1794 4939 1982 4994 immerentem
1996 4960 2147 5012 aspergere.
2183 4944 2290 5000 Caetc·

1361 5023 1422 5055 ium
1437 5005 1501 5074 quid
1518 5024 1560 5057 me
1575 5005 1614 5058 liis
1629 5011 1708 5060 rebus
1722 5009 1854 5066 molesto.
1879 5027 1941 5062 cuni
1958 5029 2017 5062 inea
2031 5013 2186 5063 innocentia
2202 5017 2290 5071 bonis
2352 5031 2353 5036 ’

1360 5075 1422 5125 satis
1444 5077 1556 5142 probata
1574 5074 1622 5126 sit!
1659 5077 1796 5130 Malorum
1816 5095 1904 5128 autem
1925 5078 2027 5132 iudicia
2047 5079 2113 5132 nibil
2127 5097 2290 5159 moramur,

1359 5141 1405 5211 qui
1423 5142 1472 5193 sibl
1494 5159 1618 5210 maguam
1645 5145 1830 5214 coguitionem
1854 5163 1944 5198 reruni
1969 5157 2126 5216 assumunt,
2150 5167 2219 5205 cussa
2247 5159 2289 5208 sis

1359 5211 1483 5290 citrensis
1492 5211 1589 5290 'labris‘
1599 5211 1766 5294 theologiam
1785 5214 1931 5296 attigerint.
1979 5216 2007 5266 St
2028 5219 2174 5284 Plis'lr’ppisa
2194 5227 2291 5280 etalii

1360 5293 1525 5411 titillat}
1545 5280 1702 5419 illiti:
1716 5281 2012 5422 ,littlss'ttttattt
2030 5297 2147 5408 {3:¹13}
2157 5287 2290 5418 iltis
