4726 5818
250 241 326 319 no
828 225 1260 318 ertsrouattuu
1309 234 1523 318 neuun.
1576 237 1705 320 csso.
2212 191 2297 316 no

252 431 363 491 erant.
416 413 515 506 Toga
537 417 606 486 suit
625 413 808 502 Romana,
839 429 873 486 et
884 413 1048 484 distincta
1070 411 1180 502 ligura
1194 411 1242 481 ab
1294 409 1397 483 Nunc
1412 411 1456 482 de
1472 412 1621 503 pecunia
1636 411 1742 484 missa
1755 411 1840 484 dedi
1855 413 1981 486 viduae
1995 407 2160 508 hospitae
2175 412 2284 482 maio·

252 520 402 590 aliarum
417 522 575 610 gentium
592 517 737 588 vestitu:
764 531 800 588 et
814 513 1136 588 aiuntArcadieurn
1153 513 1243 584 fuis-
1292 533 1369 584 rem
1393 527 1545 606 partem,
1570 527 1611 585 ut
1632 539 1673 584 ex
1693 515 1848 610 pagella,
1875 541 1981 612 qoam
2003 517 2127 601 mitto,
2153 515 2284 586 intelli-

252 645 301 706 se,
328 635 362 691 et
377 621 537 692 existimo
553 619 598 690 ab
608 616 777 690 Evandro
794 619 833 688 iu
851 617 988 691 ltaliam
1003 619 1141 688 illatum
1158 637 1242 684 esse.
1293 637 1364 704 ges.
1404 615 1517 686 Doleo
1535 614 1701 710 impediri
1714 617 1784 687 alia
1801 617 1950 688 meliora
1967 619 2113 708 negocia
2130 612 2189 686 his
2202 617 2283 686 ado-

252 721 405 792 Paliium
426 722 493 793 fuit
509 719 727 792 Graecorum
746 735 779 790 et
798 722 987 790 multarum
1004 719 1162 810 gentium
1177 739 1241 786 ex·
1295 719 1488 788 lescentum
1502 717 1703 803 furoribus,
1728 719 1788 790 sed
1806 731 1946 804 nmen,
1969 735 2146 813 quomum
2161 741 2282 810 possu-

251 823 361 895 terior
383 824 544 894 vestitus:
572 837 607 894 et
628 823 724 894 aliud
745 823 891 912 longum
916 836 1010 906 erat,
1036 819 1134 890 aliud
1157 841 1241 888 vero
1293 843 1390 904 mus,
1418 811 1561 890 ethaeo
1582 819 1870 893 malesanemus.
1924 819 2031 891 Mitto
2046 821 2284 892 narrationem

250 927 367 995 brevis
382 927 521 1016 penula.
547 918 726 1020 φαινόλης
741 924 809 996 init
823 947 1025 1009 servorum,
1045 943 1242 1006 cursorum,
1294 913 1337 988 F
1334 913 1491 1004 riderici,
1515 945 1621 1014 quam
1637 921 1731 1010 leges
1746 919 1868 996 Matri.
1901 919 2067 1016 Denique
2083 935 2196 994 totam
2212 945 2283 990 rem

185 3577 188 3584 ι
262 3537 433 3567 Μ

252 1027 541 1119 publicanorum,
567 1040 631 1100 etc.
647 1026 802 1096 vestitus.

357 1141 502 1214 Praeter
525 1139 588 1210 has
609 1143 737 1230 figuras
760 1141 828 1212 fuit
846 1138 998 1210 exterior
1013 1138 1118 1208 vestis
1140 1159 1243 1206 seua-

253 1245 364 1330 toria,
398 1269 487 1338 quae
514 1245 584 1314 init
614 1266 757 1334 prorsus
783 1242 909 1312 similis
932 1239 1073 1312 tunicae
1102 1233 1241 1307 honesti

252 1347 460 1432 sacerdotis,
496 1347 636 1435 longae:
678 1368 758 1413 enm
789 1343 953 1412 manticis
985 1366 1049 1412 nec
1075 1339 1243 1430 augustis,

254 1472 319 1518 nec
345 1447 451 1533 laxis,
467 1450 538 1517 sed
565 1447 822 1528 mediocribus,
853 1459 895 1518 ut
918 1444 1084 1536 antiquae
1109 1453 1242 1512 statuae

253 1553 456 1623 ostendunt.
506 1545 555 1618 Et
572 1549 635 1618 tali
652 1563 743 1616 veste
760 1572 862 1616 usum
880 1569 952 1616 esse
968 1541 1164 1628 Christum,
1191 1555 1243 1614 est

252 1665 542 1721 consentaneum:
570 1648 653 1744 quia
670 1649 755 1718 civis
772 1649 839 1718 iuit
855 1649 892 1715 in
905 1647 1100 1738 municipio
1110 1643 1243 1735 Caper-

253 1777 374 1826 naum.
425 1749 508 1821 Non
522 1751 631 1840 igitur
646 1749 789 1820 incessit
805 1750 983 1842 palliatus,
1008 1761 1049 1820 ut
1062 1743 1242 1818 Pharisaei

254 1869 314 1924 ant
330 1855 478 1943 vulgus:
504 1857 565 1923 sed
590 1855 736 1922 indutus
755 1845 873 1922 tu'uica
896 1850 1090 1936 senatoris,
1115 1863 1156 1922 ut
1175 1843 1243 1918 ho·

253 1957 343 2026 nesti
361 1951 524 2024 homines
540 1955 578 2024 iu
595 1953 787 2046 nrunicipio
802 1951 979 2028 Romano.

354 2073 494 2144 Latinis
506 2096 638 2142 nomen
652 2073 739 2143 stola
755 2074 798 2142 de
814 2069 982 2142 muliebri
994 2070 1124 2142 vestitu
1137 2091 1243 2141 usur-

252 2190 375 2266 patum
398 2189 465 2259 est,
491 2178 587 2268 qnod
611 2189 748 2246 tantum
770 2175 926 2244 ostendit
947 2185 1060 2245 textus
1084 2171 1124 2240 iu
1144 2169 1242 2242 lure:

255 2279 313 2346 sed
332 2276 370 2345 iu
388 2274 522 2346 Graeca
546 2278 665 2367 lingua
682 2277 772 2346 stola
787 2289 839 2345 est
855 2275 915 2346 illa
934 2275 1038 2365 longa
1060 2269 1243 2344 honestior

255 2379 413 2448 virorum
437 2379 567 2452 tunica.
599 2381 680 2448 ideo
705 2377 743 2446 in
768 2373 964 2468 Evangelio
986 2379 1030 2446 de
1057 2371 1132 2446 iilio'
1157 2397 1242 2468 pro·

254 2479 357 2570 digo,
388 2480 427 2550 iit
446 2482 580 2575 mentio
605 2481 715 2550 stolae
735 2480 880 2570 primae.
931 2475 980 2548 Et
1000 2479 1096 2570 apud
1119 2475 1242 2548 Xeno-

254 2575 423 2672 phoutem
447 2579 620 2676 Cyaxares
643 2581 754 2651 mittit
776 2579 871 2675 Cyro
895 2577 1041 2664 stolam,
1075 2579 1242 2648 audituro

160 2762 164 2771 ,
254 2685 386 2772 legatos
411 2683 449 2750 in
472 2685 599 2752 vestitu
621 2683 810 2752 senatorio.
871 2679 1101 2773 ltaquerecte
1123 2679 1242 2749 iudico

254 2781 534 2855 illustrissimum
558 2784 760 2876 Principem
783 2787 826 2853 de
850 2797 944 2854 veste
966 2777 1099 2853 Christi
1123 2780 1243 2851 existi-

254 2909 369 2967 mare,
402 2909 477 2955 non
500 2887 609 2978 pallio
635 2911 758 2970 usum,
792 2888 849 2955 sed
878 2885 940 2954 iila
963 2879 1166 2956 honestiore
1181 2905 1243 2952 scu

255 2989 429 3058 senatoria
465 2990 594 3060 tunica.
656 2986 817 3058 Scribam
852 2989 939 3057 alias
972 2987 1086 3078 plura.
1144 2981 1242 3054 Bene

256 3090 353 3174 vale,
376 3087 444 3158 Die
459 3087 662 3176 Laurentii,
691 3085 796 3160 Anno
817 3088 925 3164 1556.

255 3443 321 3517 No.
338 3441 452 3518 6046.
1079 3455 1136 3515 10.
1159 3447 1243 3528 Aug.

1065 3537 1237 3566 Μ

568 3639 636 3724 Io.
668 3639 924 3726 Praetorio.

356 3817 443 3891 Epist.
460 3817 508 3874 lib.
526 3817 560 3874 V.
578 3837 606 3889 p.
622 3816 672 3872 1⁵2
683 3835 725 3888 sq.

296 3969 507 4046 Iohanni
536 3969 807 4054 Praetorio,
845 3967 989 4043 docenti
1018 3969 1203 4070 Evangel.

618 4072 659 4148 V
657 4072 888 4146 ralisiovioc.

255 4211 304 4299 S.
326 4225 370 4302 D.
409 4225 622 4297 Venerande
639 4225 706 4312 vir,
734 4241 769 4297 et
783 4219 988 4295 charissime
1002 4224 1121 4299 irater.
1160 4223 1243 4314 Quo

247 4313 439 4398 linsuavius
462 4343 513 4398 est
534 4329 723 4417 negocium
739 4327 781 4396 N.
797 4325 841 4399 N.
857 4318 913 4417 ll),
935 4349 976 4396 eo
1001 4327 1111 4417 magis
1128 4327 1194 4398 tibi
1210 4343 1243 4396 et

256 4431 367 4499 debeo
398 4444 432 4500 et
455 4426 567 4500 habco
597 4431 764 4518 partiam,
796 4429 891 4521 quod
923 4443 957 4498 et
987 4421 1180 4520 prudenter
1209 4445 1243 4501 et

255 4544 348 4600 recte
369 4531 490 4601 omnia
510 4555 589 4600 cum
606 4529 722 4602 Matre
745 4529 857 4618 egisti.
908 4526 998 4599 Cum
1021 4543 1139 4602 autem
1155 4533 1243 4602 ado·

255 4631 387 4702 lescens
407 4658 489 4702 mox
509 4631 637 4721 ingerit
663 4647 739 4721 post
761 4655 836 4702 eam
862 4644 1020 4717 noctem,
1049 4657 1119 4726 qua
1135 4659 1242 4725 pecu-

255 4733 350 4803 niam
371 4735 522 4803 alienam
543 4733 704 4806 abstulit:
739 4757 820 4802 cerm
850 4733 927 4824 ipso
960 4733 1031 4802 iam
1063 4730 1157 4804 nihil
1186 4735 1242 4824 agi

255 4849 378 4926 potest.
429 4833 502 4906 Res
519 4850 701 4918 esterna,
727 4848 761 4904 et
783 4833 924 4925 publica
948 4834 1115 4906 citatione
1136 4849 1242 4906 uten-

255 4940 340 5008 dum
357 4939 442 5022 erit,
467 4936 537 5008 nisi
553 4953 665 5006 mater
679 4937 741 5005 filii
758 4939 870 5006 iamne
888 4935 1057 5008 consulet.
1108 4935 1161 5006 Ac
1177 4961 1239 5004 vo-

253 5039 372 5109 lumus
390 5061 457 5107 nos
479 5063 619 5132 quoque
640 5039 794 5108 familiae
818 5033 986 5108 honestae
1008 5037 1115 5128 parci.
1171 5035 1240 5106 Sed

253 5155 294 5211 ιιι
316 5161 396 5231 eges
419 5137 500 5213 cuin
517 5139 652 5224 Matre,
674 5153 714 5210 ut
730 5141 863 5224 mittat,
888 5150 1060 5234 quantum
1083 5137 1241 5210 debetur.

253 5305 481 5325 m

287 5416 314 5480 *t
334 5409 562 5492 annaneane,
581 5413 616 5470 a,
628 5415 664 5468 o.
681 5439 718 5456 ·-
751 5387 815 5468 'na
829 5427 872 5482 ep.
885 5409 914 5468 e.
929 5409 957 5466 a.
972 5411 1013 5466 n.
1027 5411 1077 5467 ru.
1120 5377 1123 5384 ’

592 5697 600 5734 1

1295 1035 1329 1094 et
1344 1020 1553 1114 prudentiae
1567 1037 1601 1092 et
1615 1023 1698 1092 fidei
1714 1035 1794 1093 tuse
1810 1027 2032 1096 commendo.
2084 1021 2184 1093 Bene
2199 1024 2285 1104 vale,

1294 1139 1329 1196 et
1346 1123 1508 1196 rescribe.
1561 1123 1629 1196 Die
1644 1123 1832 1196 Laurentii
1848 1123 1960 1200 1666.
2004 1125 2163 1198 Salutem
2184 1125 2285 1194 vobis

1294 1225 1461 1296 omnibus
1477 1240 1581 1320 opto,
1606 1240 1641 1298 et
1656 1226 1758 1300 mitto
1777 1227 1941 1320 pagellas.

2033 1321 2251 1418 Philippus.¹

1308 1727 1375 1802 No.
1390 1729 1505 1804 6049.

1300 1824 1514 1866 Μ

2121 1730 2180 1802 to'.
2204 1729 2285 1814 Aug.

1647 1927 1955 2018 Scholasticis.
2245 1889 2247 1892 Ι

1364 2082 1475 2140 Editum
1495 2097 1535 2143 est
1553 2087 1606 2144 boe
1623 2087 1758 2162 scriptum
1781 2085 1809 2141 iu
1829 2087 1938 2142 libellos
1962 2083 2060 2141 Orstio
2082 2085 2115 2142 de
2129 2085 2287 2144 discrimine

1398 2153 1491 2241 legum
1504 2155 1679 2227 politicarum
1692 2167 1718 2211 et
1730 2157 1919 2218 traditionum.
1937 2174 2004 2226 quse
2017 2155 2046 2208 iu
2053 2155 2177 2212 Ecclesia
2189 2159 2223 2212 ab
2235 2160 2286 2212 bo·

1397 2226 1518 2280 menibus
1531 2227 1699 2280 conduntur.
1734 2225 1854 2280 Recitata
1869 2245 1884 2279 e
1898 2225 2013 2280 Decauo
2032 2223 2141 2296 collegii
2161 2225 2286 2295 pbiloso-

1397 2294 1481 2364 putet,
1499 2293 1786 2415 MepBor-toiomoeo
1798 2293 1915 2348 Lusum
1931 2292 2051 2365 Gygaeo,
2071 2312 2137 2352 cum
2153 2300 2285 2350 decerne·

1398 2371 1475 2416 retur
1493 2381 1539 2426 gre
1560 2381 1591 2418 us
1610 2361 1760 2434 Megisterii
1781 2364 1886 2434 aliquot
1902 2361 2015 2416 eruditis
2032 2363 2098 2419 riris
2116 2381 2193 2419 euno
2211 2366 2286 2421 1566.

1397 2429 1526 2512 witich.
1540 2431 1661 2515 1556Ιὸ.
1680 2459 1713 2475 -·
1749 2431 1812 2486 Non
1824 2431 1913 2486 solum
1927 2430 2042 2488 oratioe
2056 2431 2233 2487 Meieutiroue
2246 2447 2286 2488 est

1397 2499 2285 2638 imitabili.3532,liaitltlrtuldlatl‘idss

1399 2635 1559 2690 lentiorem
1580 2639 1678 2692 babent
1697 2647 1845 2694 auctorem.
1875 2665 1904 2677 -
1947 2638 2010 2690 Duo
2022 2639 2129 2704 edicte,
2160 2641 2287 2712 quaetio
2349 2697 2350 2702 ,

1338 2721 1339 2726 ¹
1398 2703 1541 2771 dedimus.
1566 2705 1713 2761 coniuncte
1741 2707 1869 2778 leguntur
1885 2706 1965 2761 etiem
1988 2705 2017 2760 iu
2035 2705 2152 2779 Scriptis
2170 2707 2287 2782 publicis
2349 2715 2350 2730 ¹

1397 2773 1484 2829 acad.
1496 2772 1624 2832 Witteb.
1641 2773 1675 2830 Τ.
1687 2774 1721 2832 ll.
1741 2775 1771 2830 iu
1788 2775 1853 2832 fine.

1773 2950 1815 3022 A.

1295 3085 1473 3159 Decanus
1493 3079 1658 3180 Collegii
1673 3081 1932 3185 Philosophici
1957 3085 2285 3159 Bartoicmeos

1580 3183 1746 3260 Lasun
1774 3179 2002 3286 Cygnens.

1297 3341 1433 3427 Servat
1454 3353 1551 3423 Deus
1574 3377 1685 3442 genus
1709 3347 1905 3423 humanum
1931 3367 1970 3424 ut
1991 3353 2078 3423 inde
2105 3371 2284 3426 aetemam

1296 3453 1489 3526 Ecclesiam
1514 3455 1675 3545 colligat,
1707 3469 1741 3525 et
1767 3450 1859 3524 hanc
1881 3477 1956 3524 uon
1982 3455 2086 3526 aliter
2107 3457 2179 3527 nisi
2205 3483 2288 3528 voce

1297 3558 1478 3628 doctrinae
1494 3555 1646 3646 colligit,
1679 3579 1786 3649 quam
1803 3581 1866 3648 per
1882 3551 2071 3648 prophetas
2087 3573 2123 3629 et
2143 3574 2287 3650 aposto-

1298 3660 1351 3728 los
1374 3657 1537 3726 mandari
1560 3657 1687 3728 litteris
1709 3657 1833 3729 voluit.
1886 3655 1963 3728 Hos
1986 3657 2096 3748 igitur
2117 3685 2199 3729 cum
2219 3663 2286 3751 legi

1217 3823 1224 3829 .
1297 3773 1332 3831 et
1353 3773 1445 3829 recte
1466 3748 1619 3848 intelligi
1643 3757 1748 3844 velit,
1781 3760 1975 3830 necessaria
1998 3784 2072 3831 esse
2089 3761 2207 3832 studia
2220 3765 2287 3832 do·

1297 3861 1452 3932 centium
1467 3873 1502 3930 et
1517 3861 1731 3932 discentium
1745 3861 1971 3932 manifestum
1987 3875 2050 3933 est.
2079 3859 2189 3952 Quod
2204 3889 2288 3934 curm

1295 3963 1345 4033 ita
1361 3962 1425 4039 sit.
1450 3959 1623 4034 laetemur
1638 3985 1703 4032 nos
1717 3985 1791 4032 esse
1807 3963 1845 4032 in
1860 3963 1988 4036 militia
2006 3961 2084 4034 Deo
2102 3979 2222 4052 grata,
2249 3967 2287 4035 in

1297 4089 1366 4159 qua
1381 4065 1453 4134 dux
1468 4075 1519 4132 est
1533 4063 1607 4156 ipse
1621 4063 1716 4134 filius
1725 4063 1792 4134 Dei
1807 4057 1916 4164 λόγος
1929 4065 2064 4136 aeterni
2080 4065 2202 4158 patris,
2224 4069 2289 4162 qui

1295 4189 1434 4258 semper
1455 4165 1554 4236 adest
1576 4165 1654 4235 voci
1676 4167 1878 4248 doctrinae,
1904 4181 1939 4238 et
1961 4161 2027 4238 hac
2041 4169 2289 4240 consolatione

1295 4291 1361 4337 nos
1394 4265 1588 4358 erigamus,
1629 4290 1675 4337 ne
1705 4267 1823 4338 studia
1848 4268 2033 4340 literarum
2065 4271 2289 4356 abiiciamus,

1294 4391 1384 4464 quae
1401 4390 1548 4458 maguae
1563 4369 1788 4440 diiiicultates
1808 4383 1844 4442 et
1856 4393 2045 4442 aerumnae
2059 4372 2289 4444 comitantur.

1294 4467 1499 4542 Serviamus
1520 4467 1595 4540 Deo
1619 4484 1656 4542 et
1675 4465 1869 4558 Ecclesiae,
1905 4486 1940 4542 et
1968 4473 2093 4543 ducem
2122 4487 2287 4544 nostrum

1294 4572 1480 4642 dominum
1522 4567 1638 4644 lesum
1675 4565 1859 4644 Christum
1901 4573 2042 4646 fortiter
2081 4597 2288 4670 sequamur.

1293 4671 1478 4744 Pertinent
1502 4687 1620 4745 autem
1644 4675 1688 4743 ad
1713 4675 1957 4746 doctrinarum
1981 4679 2287 4749 conservationem

1293 4774 1457 4844 exercitia
1471 4775 1510 4844 in
1530 4771 1661 4846 scholis
1676 4779 1871 4868 prudenter
1886 4778 2068 4864 instituta,
2093 4803 2133 4848 ac
2149 4779 2289 4874 praeci-

1293 4899 1362 4966 pue
1377 4875 1547 4951 examina.
1599 4873 1716 4950 Hodie
1731 4877 1851 4969 igitur,
1877 4881 1973 4972 quod
1989 4879 2144 4972 feudum
2161 4895 2196 4952 et
2211 4883 2288 4954 ioe-

1292 4975 1343 5046 lir
1356 4975 1420 5062 sit,
1440 4969 1528 5048 hora
1546 4977 1678 5070 prima,
1703 4977 1780 5052 Deo
1797 4981 1940 5052 iuvante
1966 4981 2106 5072 publice
2122 4983 2288 5074 explora-

1293 5077 1390 5148 bitur
1402 5077 1554 5149 eruditio
1571 5103 1710 5163 eorum,
1735 5082 1797 5174 qui
1814 5106 1911 5152 nune
1933 5084 2138 5152 testimonio
2162 5101 2285 5154 nostro

1293 5181 1445 5250 ornandi
1465 5194 1558 5255 sunt.
1609 5181 1666 5252 Aa
1686 5175 1779 5252 harre
1796 5183 2097 5274 explorationem,
2124 5199 2166 5256 ut
2178 5187 2289 5256 colle—

1292 5301 1355 5371 gae
1377 5283 1487 5354 nostri
1510 5295 1545 5352 et
1566 5281 1628 5350 alii
1649 5284 1743 5354 docti
1768 5284 2094 5372 vindemiant,
2122 5287 2288 5379 petimus.
2349 5279 2350 5336 3

1293 5380 1391 5474 Quid
1406 5397 1457 5454 est
1472 5378 1656 5456 honestius
1670 5399 1706 5458 et
1724 5385 1866 5456 dulcius
1881 5388 2103 5458 eruditorum
2121 5413 2289 5480 congres-
