4714 5832
272 235 340 314 1³1
843 233 1281 314 EPISTOLARUM
1334 233 1442 316 [ΑΒ.
1471 235 1556 317 Xll.
1606 235 1742 318 1668.
2230 245 2294 322 tat

268 415 440 487 solatione
461 425 709 486 sustentemus.
761 407 873 481 Multi
895 423 1023 502 putant
1042 405 1259 499 tragoediam
1307 405 1435 480 itinere
1455 433 1493 480 se
1514 411 1559 481 ad
1583 433 1646 481 vos
1666 423 1857 484 venturum
1880 433 1966 488 esse.
2029 409 2183 502 Narrat,
2215 415 2294 488 duos

268 531 464 593 sectatmam
489 537 563 586 esse
588 509 723 607 ὅμοιον
742 515 812 584 τοῦ
829 509 1010 606 anauga.
1061 509 1133 582 Sed
1153 508 1260 604 quid-
1308 509 1546 584 adolescentes
1567 507 1815 586 Northusauos
1839 515 1879 584 in
1900 510 2068 586 Scholam
2093 509 2294 588 Portensem

223 683 226 692 r
268 618 354 710 quid
370 619 438 690 erit
453 617 528 686 filio
544 617 612 687 Dei
625 639 692 686 nos
707 615 1004 685 commendemus.
1308 627 1465 704 receptos
1481 637 1554 686 esse
1570 616 1740 686 beneficio
1755 614 1991 686 illustrissimi
2004 614 2179 691 Electoris
2193 621 2295 692 Ducis

368 717 511 810 Quaeso
527 732 569 790 ut
582 715 747 788 Doctoris
762 709 948 787 Leonam·
960 714 1102 806 inopiae
1119 710 1259 782 miseri·
1308 705 1509 786 Mauricii.
1558 713 1607 788 Et
1623 741 1720 810 spem
1738 741 1812 790 esse
1828 720 1956 790 factam
1972 720 2208 794 confirmandi
2229 721 2294 794 eius

266 821 388 892 cordia
403 819 629 891 adficiemini.
667 817 851 908 Quantum
868 817 1005 909 potuit,
1030 811 1089 886 hic
1106 815 1258 884 vendere
1308 817 1488 904 beneficii,
1521 843 1601 890 cum
1623 817 1704 890 Dux
1726 817 1902 892 saxoniae
1931 821 1978 892 sit
2008 823 2174 896 defensor
2195 821 2294 896 Urbis

266 921 401 992 reditus
423 947 511 1016 quos
530 917 656 1010 habet,
691 935 836 992 conatus
861 933 922 992 est.
988 917 1059 988 Sed
1085 917 1165 1012 quis
1191 911 1258 986 hoc
1308 911 1543 1006 Northusen,
1590 933 1626 992 et
1657 915 1786 992 babeat
1817 922 1869 992 ibi
1901 923 1971 994 alia
2003 927 2179 1017 quaedam
2214 925 2294 998 iura.

265 1037 424 1114 tempore
440 1038 501 1095 aut
516 1019 638 1109 habet,
665 1036 725 1092 aut
740 1033 869 1092 emeret
884 1019 1021 1092 etiamsi
1035 1015 1182 1090 haberet
1195 1041 1258 1108 pe·
1309 1017 1413 1090 Nunc
1447 1036 1525 1094 orat
1556 1019 1727 1108 Senatus,
1771 1023 1975 1094 confirmari
2007 1025 2044 1096 id
2079 1027 2293 1106 beneficium,

180 1129 182 1134 ’
266 1125 419 1199 cuniam.
470 1123 579 1196 Plura
600 1125 749 1196 scribam
772 1123 870 1192 alias.
920 1119 1025 1192 Nunc
1038 1119 1170 1190 Filium
1191 1117 1259 1190 Dei
1309 1123 1391 1213 quia
1423 1123 1545 1194 literae
1568 1123 1849 1196 confirmationis
1871 1126 2061 1218 impeditae
2085 1144 2172 1200 sunt
2189 1141 2293 1200 morte

266 1241 381 1298 tecum
398 1239 526 1297 etcum
542 1241 655 1298 vestra
673 1221 830 1296 Ecclesia
850 1237 960 1294 ettua
978 1223 1258 1305 domesticam,
1310 1221 1490 1298 lllustriss.
1509 1221 1684 1296 Electoris
1700 1225 1813 1297 Ducis
1829 1223 2024 1300 Mauricii.
2078 1229 2209 1302 Totam
2226 1255 2292 1300 rem

265 1341 307 1398 ut
319 1351 382 1398 vos
396 1341 430 1398 et
444 1349 509 1398 nus
523 1343 692 1424 protegat.
741 1325 839 1396 Bene
853 1326 941 1400 vale.
992 1321 1060 1396 Die
1077 1317 1258 1420 lacobi*).
1308 1327 1358 1396 ait
1382 1341 1503 1398 notam
1525 1351 1599 1398 esse
1613 1324 1820 1400 Clarissimo
1836 1332 1935 1414 viro,
1961 1331 2148 1403 nobilitate
2164 1333 2293 1424 generis

951 1421 1155 1518 Philippus.
1307 1437 1342 1496 et
1366 1427 1497 1500 virtute
1514 1429 1706 1522 praestanti
1722 1429 1878 1502 Domino
1895 1420 2167 1530 Christophoro
2183 1459 2208 1504 o
2224 1422 2294 1502 Cu-

1309 1523 1475 1606 rolowiz.
1527 1529 1648 1620 Quare
1671 1556 1754 1614 oro,
1780 1546 1820 1602 ut
1842 1547 1997 1606 vetustae
2011 1531 2207 1606 Theodosii
2230 1533 2294 1607 Co-

1307 1631 1444 1718 loniae,
1477 1656 1568 1726 quae
1592 1646 1645 1704 tot
1668 1633 1739 1702 iam
1761 1635 1921 1706 seculisa
1938 1633 2100 1708 Ducibus
2114 1637 2293 1716 saxoniae,

263 1781 319 1854 No
351 1779 453 1856 544⁰
1126 1792 1171 1854 25
1198 1785 1246 1850 lul
1307 1727 1550 1818 Electoribus,
1584 1735 1725 1804 defensa
1749 1749 1819 1821 est,
1852 1749 1887 1807 et
1911 1739 2199 1810 benevolentiam
2221 1737 2294 1810 Du-

264 1835 469 1911 ⁴3„ss
1120 1831 1255 1910 „ig
1307 1859 1387 1904 cum
1405 1834 1580 1906 Senoniae
1596 1837 1751 1906 officiose
1766 1837 1920 1910 retinere
1934 1841 2089 1927 studuit,
2115 1867 2191 1912 nou
2207 1841 2292 1912 desi-

1306 1936 1362 2010 tis.
1411 1935 1497 2008 Fuit
1520 1938 1606 2006 olim
1621 1939 1824 2009 coniunctio
1841 1939 2048 2032 Principum
2066 1955 2100 2014 et
2115 1943 2291 2016 civitatum

568 1988 635 2075 1⁰·
665 1986 943 2073 mmmm·
1305 2049 1341 2106 et
1364 2033 1511 2127 pulchra
1534 2053 1567 2112 et
1587 2040 1686 2109 utilis
1705 2040 1801 2132 paci,
1828 2066 1934 2136 quam
1950 2043 2103 2115 libenter
2121 2046 2215 2116 tueri
2236 2067 2293 2112 vos

365 2151 449 2223 Epist.
468 2151 515 2206 tib.
531 2147 577 2205 vt.
594 2168 621 2224 p.
634 2147 694 2202 286.
1304 2163 1378 2208 non
1393 2141 1531 2216 dubito.
1582 2139 1679 2211 Bene
1695 2141 1818 2216 valete.
1869 2141 1938 2215 Die
1952 2145 2014 2221 80.
2033 2143 2127 2216 tulii.

337 2303 553 2382 Iohanni
574 2301 864 2392 Placatomo,
897 2301 1057 2375 Doctori
1082 2301 1177 2372 ortis
2044 2257 2247 2358 Philippus·

674 2402 845 2478 medicae.

261 2545 309 2638 S.
333 2559 379 2636 D.
430 2557 573 2632 Clariss.
596 2559 652 2628 vir
672 2573 707 2628 et
722 2557 838 2628 carisa.
853 2557 972 2626 irater.
1022 2551 1139 2624 Multa
1157 2550 1250 2620 vidi-

260 2687 340 2734 mus
353 2659 422 2734 hoc
438 2661 622 2754 septennio
639 2657 798 2750 exempla
815 2655 966 2744 insignia
984 2649 1162 2722 humanae
1179 2654 1251 2721 fra·
1312 2649 1509 2730 Nouate.
1956 2695 1964 2706 .
2106 2665 2173 2744 (ex.
2189 2661 2291 2748 latim)

260 2765 415 2856 gilitatis.
465 2763 537 2835 Sed
550 2757 636 2832 haec
654 2783 769 2852 pugna
785 2757 958 2830 Saxonica
973 2754 1128 2824 tristiora
1145 2747 1251 2823 habet
1305 2751 1518 2789 Μ
2115 2755 2284 2786 W*

260 2868 436 2960 exempla,
463 2889 569 2960 quam
591 2862 678 2932 anni
693 2859 897 2954 superioris.
947 2855 1037 2928 Nam
1055 2855 1162 2926 multi
1181 2853 1250 2924 viri
1566 2857 1718 2944 lom,
1749 2858 2027 2947 cameram

258 2969 367 3038 fortes
398 2965 574 3036 interlecti
599 2975 701 3044 sunt,
742 2977 776 3036 et
802 2961 841 3032 in
867 2960 940 3032 acie
965 2959 1151 3055 perierunt
1176 2959 1248 3028 duo

258 3067 441 3161 Principes
455 3067 520 3137 filii
533 3063 645 3138 Ducis
658 3063 939 3144 Brunsvicensis,
964 3074 998 3130 et
1010 3055 1110 3130 Dux
1122 3053 1248 3129 Saxo-

259 3167 344 3240 nioe
367 3171 498 3240 vulnus
520 3168 670 3261 accepit,
696 3193 738 3236 ex
761 3190 831 3258 quo
853 3165 963 3235 biduo
984 3175 1063 3254 post
1085 3174 1248 3232 mortuus

258 3287 320 3347 est.
353 3270 440 3362 Legi
454 3271 706 3362 prognosticon
722 3281 803 3338 ante
818 3267 976 3358 quinque
991 3285 1104 3331 annos
1122 3263 1160 3332 in
1176 3286 1247 3354 quo

257 3375 428 3468 scripturn
450 3387 541 3457 erat,
572 3372 852 3461 gubernaturum
875 3389 947 3438 esse
969 3365 1118 3456 patriam
1134 3387 1247 3433 annos

256 3476 444 3547 duodecim
467 3487 500 3544 et
522 3473 652 3542 deinde
667 3471 707 3540 in
721 3469 904 3561 peregrina
922 3481 1014 3536 terra
1031 3465 1246 3535 moriturum
1297 3443 1346 3532 S.
1372 3457 1418 3536 D.
1468 3457 1635 3531 Clemens
1650 3453 1915 3529 Alexandrinus
1930 3481 2072 3528 versum
2092 3481 2167 3528 esse
2182 3455 2288 3530 Euri-

257 3601 341 3653 esse.
368 3571 523 3647 Gnarus
538 3574 630 3646 redit
643 3574 682 3642 in
697 3573 813 3642 aulam
826 3564 1048 3640 Marchionis
1061 3561 1246 3643 Ioannis;
1296 3563 1391 3654 pidis
1413 3563 1519 3648 dicit,
1550 3563 1616 3634 etsi
1638 3585 1712 3632 nou
1729 3561 1859 3652 opinor
1873 3561 1912 3630 in
1928 3554 1984 3630 his
2002 3561 2196 3651 tragoediis
2210 3586 2287 3644 esse,

255 3676 338 3748 Non
354 3679 510 3748 succedit
525 3672 597 3747 W
592 3667 738 3746 illichio
747 3667 827 3768 ⁸⁴¹),
849 3675 944 3742 dote
960 3671 1069 3761 igitur
1085 3669 1246 3739 scribam.
1297 3690 1386 3758 quae
1408 3665 1565 3758 reliquae
1588 3675 1689 3734 sunt:
1723 3657 1825 3734 ἅπαν
1845 3656 1888 3732 τὸ
1906 3655 2091 3758 χρηστὸν,
2119 3656 2192 3754 τὴν
2207 3663 2287 3756 ἴσην

254 3775 353 3850 Bene
369 3781 457 3854 vale.
507 3775 576 3848 Die
592 3775 731 3861 lacobi,
757 3771 854 3849 Anu.
873 3770 982 3848 1553.
1296 3765 1368 3858 ἔχει
1389 3759 1517 3863 φύσιν.
1570 3762 1652 3836 Scio
1668 3777 1702 3833 te
1718 3787 1859 3856 quoque
1875 3757 1943 3832 hoc
1961 3763 2167 3832 dulcissimo
2188 3787 2286 3834 versu

1296 3868 1482 3950 delectari,
1512 3866 1596 3960 quia
1619 3879 1655 3935 et
1677 3859 1826 3934 honesta
1849 3863 2022 3935 sententia
2045 3876 2114 3942 est,
2149 3879 2190 3937 et
2211 3881 2286 3937 tuae

1297 3967 1508 4060 integritatis
1530 3969 1647 4058 imago
1670 3979 1742 4051 est,
1770 3965 1925 4036 ostendit
1943 3978 2061 4036 autem
2085 3977 2120 4034 et
2136 3960 2288 4060 Stigelii

1296 4073 1484 4142 candorem
1506 4081 1540 4139 et
1565 4070 1750 4147 virtutem,
1785 4079 1954 4158 perpetua
1977 4089 2057 4156 erga
2081 4089 2146 4135 nos
2173 4069 2213 4136 in
2233 4064 2285 4136 his

252 4147 320 4223 No.
335 4143 448 4223 5441·
1113 4143 1241 4264 Q·
1295 4186 1494 4264 temporum
1512 4169 1780 4240 confusionibus
1794 4167 1991 4238 constantia
2009 4168 2285 4253 benevolentiae,

831 4353 839 4372 ι
872 4352 880 4372 ,
1295 4275 1339 4342 de
1358 4297 1427 4366 qua
1444 4273 1477 4342 ei
1493 4285 1530 4341 et
1545 4273 1657 4340 debeo
1676 4281 1711 4339 et
1724 4265 1837 4339 babeo
1851 4268 2010 4358 gratiam
2061 4265 2109 4339 Et
2124 4271 2285 4340 fruemur

550 4355 644 4439 Ult-
678 4349 949 4438 Mordlssmll·
1294 4373 1446 4444 amicitia
1467 4385 1589 4442 nostra
1609 4371 1649 4440 in
1664 4371 1919 4440 consuetudine
1943 4369 2079 4442 celestis
2096 4365 2285 4456 Ecclesiae,

349 4517 435 4589 Epist.
454 4517 502 4576 tib.
516 4515 551 4570 V.
571 4533 597 4588 p.
613 4513 661 4568 187
674 4531 713 4584 sq.
1294 4499 1495 4570 quanquam
1526 4497 1623 4543 nunc
1656 4497 1796 4565 quoque
1828 4485 1977 4541 nonest
2003 4477 2284 4544 contemnendus

556 4647 566 4664 ,
1291 4579 1444 4662 fructus,
1483 4571 1547 4669 qni
1579 4574 1705 4645 studiis
1737 4575 1880 4664 prodest
1911 4585 2032 4642 nostra
2066 4575 2283 4646 coniunctio.

250 4673 289 4750 U
296 4673 417 4748 lrt'co
458 4667 722 4756 Mordist'n,
762 4661 999 4742 cancellario
1030 4663 1093 4743 Pr.
1119 4665 1238 4742 Elecl.
1292 4678 1373 4751 Scio
1396 4701 1477 4750 eum
1502 4702 1522 4748 a
1545 4691 1742 4770 [equoque
1765 4675 1888 4764 diligi,
1919 4677 2283 4768 quaregratumfore

637 4769 843 4843 Samiae·
1291 4801 1517 4869 congressum
1531 4802 1607 4850 nou
1622 4778 1758 4850 dubito.
1808 4773 1902 4846 Dedi
1918 4777 1952 4844 ei
1966 4775 2173 4848 fasciculum
2189 4777 2282 4848 litte-

1291 4905 1410 4950 rarum
1449 4879 1757 4956 Borussiacarum,
1803 4901 1907 4970 quem
1948 4877 2052 4968 legati
2094 4875 2281 4968 Turingiei

1289 4981 1493 5052 attulerunt.
1548 4977 1620 5050 Sed
1639 4973 1798 5048 Menios
1820 4973 1937 5048 adhuc
1959 4979 2086 5048 morbo
2107 4979 2282 5048 retinetur

1288 5082 1326 5150 in
1343 5081 1407 5152 illo
1423 5077 1569 5152 horrido
1584 5081 1713 5152 littore.
1766 5077 1853 5150 Sum
1871 5080 2029 5150 solicitus
2043 5081 2088 5149 de
2104 5080 2180 5150 eius
2196 5081 2280 5151 vita.

1287 5179 1357 5254 Sed
1373 5209 1436 5254 oro
1453 5184 1568 5253 filium
1580 5179 1663 5266 Dei,
1686 5194 1727 5252 ut
1741 5193 1777 5252 et
1790 5181 1905 5271 ipsum
1922 5195 2036 5254 servet
2051 5181 2280 5264 incolumem,

279 5343 298 5384 g
331 5341 374 5398 Μ,
540 5339 555 5395 d
603 5339 609 5354 .
645 5337 679 5390 ῃ,
703 5331 769 5395 15⁵3
1235 5341 1242 5348 .
1286 5301 1318 5356 et
1344 5285 1454 5356 leniat
1479 5305 1602 5355 omnes
1626 5281 1838 5351 calamitates
1861 5282 2020 5372 publicas
2051 5295 2087 5352 et
2112 5283 2279 5372 privatas.

278 5345 326 5502 ,3)
344 5361 542 5504 51:2⁸3,ae
558 5360 679 5488 ffig
695 5423 722 5480 g,
735 5375 778 5478 ,J
1287 5382 1329 5456 ln
1342 5387 1384 5456 iis
1400 5387 1488 5456 locis
1502 5385 1565 5455 ubi
1581 5395 1774 5478 pugnatum
1793 5394 1846 5453 est
1859 5405 1902 5454 ex
1917 5385 2088 5472 sauguine
2103 5381 2278 5456 Titanum

1368 3039 1452 3112 Epist.
1467 3037 1500 3092 ad
1514 3037 1653 3092 Gammae.
1671 3055 1698 3109 p.
1710 3035 1761 3090 stt
1775 3055 1816 3109 sq.
1835 3035 1890 3106 (ed.
1908 3035 1997 3092 Lond.
2017 3033 2066 3090 lib.
2080 3037 2131 3094 lv.
2149 3055 2194 3110 ep.
2208 3041 2290 3110 atu).

1297 3201 1523 3280 Clarissimo
1547 3207 1623 3278 viro
1648 3203 1850 3278 eruditione
1875 3215 1907 3277 et
1933 3205 2061 3276 virtute
2081 3206 2291 3302 praestanti

1326 3303 1573 3381 Ioaelsimo
1595 3298 1876 3380 Camerario
1893 3304 2023 3407 fratri
2036 3331 2106 3379 suo
2123 3309 2255 3380 carisa.

247 4915 297 5004 S·
324 4925 370 5001 D.
419 4923 623 5000 Clarissime
653 4927 729 5009 vir,
771 4937 804 4994 et
837 4919 990 4990 Patrone
1023 4917 1237 4994 charissime.

246 5029 324 5102 Etsi
346 5030 491 5123 exposui
509 5027 663 5123 Syndico
682 5021 929 5104 Northusano‚
965 5045 1027 5090 vos
1051 5017 1110 5090 hic
1134 5045 1237 5111 expe-

247 5133 352 5220 ctari,
386 5149 505 5204 tamen
532 5131 651 5200 literas
676 5153 696 5198 n
723 5153 779 5196 me
804 5124 992 5216 flagitavit,
1028 5145 1171 5214 sperans
1198 5123 1237 5194 in
