4714 5832
273 227 323 302 99
842 221 1281 302 EPISTOLARUM
1339 223 1447 304 [ΑΒ.
1480 221 1562 304 bll.
1616 223 1748 302 teas.
2217 231 2270 303 tte

276 425 340 494 pro
356 413 415 472 tua
429 397 599 490 gravitate
614 411 650 470 et
663 397 850 492 prudentia
872 397 1027 470 libenter
1048 411 1082 470 et
1103 396 1260 468 studiose
1311 393 1370 466 die
1384 421 1464 468 cnm
1489 411 1605 467 morte
1626 397 1798 477 luctatur,
1825 418 1894 491 qus
1910 399 1948 468 in
1962 423 2001 470 re
2015 394 2085 472 hoc
2100 395 2182 472 mihi
2197 427 2270 472 non·

277 501 386 586 tueri,
407 513 510 596 teque
525 525 605 572 cum
621 513 766 592 propter
782 501 1006 570 excellentem
1023 497 1260 580 eruditionem
1313 494 1406 566 nihil
1427 499 1586 568 dolorem
1609 499 1715 584 lenit,
1739 501 1834 592 quod
1858 525 1959 571 mens
1982 503 2093 594 ipsius
2113 515 2146 572 et
2163 504 2271 593 integra

276 615 391 688 tuam,
426 615 502 674 tum
527 625 611 670 vero
633 601 738 672 etiam
772 615 917 692 propter
943 597 1039 672 hunc
1072 601 1188 692 ipsum
1223 601 1262 667 in
1313 613 1347 669 et
1361 601 1551 692 tranquilla
1568 613 1630 671 est.
1685 599 1797 670 Valde
1810 615 1928 670 autem
1946 629 2010 672 oro
2026 615 2079 690 te,
2105 618 2143 674 ut
2164 603 2272 675 interea

277 705 409 776 tuenda
443 701 705 776 consociatione
742 703 963 792 diligentiam
1000 703 1103 772 valde
1139 701 1261 790 diligo.
1314 725 1415 792 saepe
1436 702 1480 769 ad
1504 723 1561 769 me
1581 702 1725 775 scribas.
1775 699 1853 792 Ego
1871 707 2010 796 quoties
2027 719 2147 796 potero
2168 707 2271 775 stlite-

276 803 368 878 Cum
388 817 505 876 autem
528 805 597 874 iam
623 805 712 874 istuc
736 807 780 872 ad
804 828 928 893 operas
945 803 1189 892 grammaticas
1204 827 1262 871 ac·
1316 827 1370 871 ras
1387 815 1420 870 et
1436 803 1579 892 paginas
1595 797 1653 872 hic
1667 803 1781 874 editas
1796 803 1947 876 mittam.
1996 803 2053 876 De
2067 807 2157 876 bello
2176 807 2271 876 nescio

277 907 425 978 cersitus
457 906 502 976 sit
530 897 701 976 Andreas
732 899 1026 1002 Weslingus'),
1076 905 1263 998 praecipue
1316 903 1403 996 quid
1423 905 1587 972 scribam.
1636 901 1715 974 Scis
1736 905 1906 998 quiddam
1927 902 2070 998 sphingi
2090 907 2198 977 simile
2218 931 2273 978 esse

277 1007 346 1080 tibi
376 1007 696 1078 commendandum
728 1031 802 1076 esse
834 1008 975 1091 censui,
1007 1006 1091 1100 quia
1121 1020 1155 1076 et
1189 1007 1263 1097 ipse
1317 1006 1458 1074 ruixtam
1476 1005 1673 1074 crudelitati
1687 1003 1924 1096 sophisticam.
1959 1007 2063 1078 Talia
2081 1033 2172 1078 nunc
2186 1010 2274 1080 multe

277 1123 375 1180 tuam
399 1109 588 1180 amicitiam
611 1107 762 1178 maxime
784 1109 932 1198 expetit,
960 1133 1040 1178 cum
1064 1109 1151 1178 sciat
1173 1120 1207 1177 te
1230 1119 1264 1174 et
1317 1108 1420 1190 lamt3
1447 1107 1545 1176 aliud
1567 1107 1701 1196 agitur,
1727 1107 1825 1178 aliud
1849 1110 2067 1196 ostenditur;
2090 1111 2146 1180 cui
2169 1111 2273 1202 quibu

276 1205 457 1282 Ecclesiae
488 1209 686 1280 doctrinam
716 1224 808 1280 recte
839 1211 1036 1298 intelligere
1061 1223 1096 1280 et
1116 1207 1264 1278 excellas
1316 1209 1495 1276 coniuncti
1521 1207 1662 1282 sintvix
1684 1208 1738 1276 illi
1760 1223 1912 1294 nonant,
1937 1212 2000 1303 qui
2019 1211 2274 1280 consiliisiuter·

277 1311 479 1401 cognitione
495 1311 635 1400 liuguae
649 1307 834 1394 hebraeae,
850 1325 884 1382 et
900 1325 1016 1404 speret
1031 1311 1099 1380 sibi
1114 1325 1173 1380 tua
1190 1309 1264 1378 col·
1316 1323 1409 1382 sunt.
1461 1305 1538 1398 Ego
1551 1331 1608 1378 me
1623 1310 1747 1400 procul
1762 1311 1882 1378 abesse
1897 1334 1917 1380 a
1934 1313 2066 1382 talibus
2075 1312 2275 1382 deliberatio-

277 1411 398 1506 loquio
416 1413 567 1484 multum
582 1413 626 1482 ad
647 1411 809 1506 pietatem
828 1426 863 1482 et
879 1413 1115 1482 eruditionem
1142 1411 1264 1502 prolu—
1317 1411 1423 1501 nibus
1436 1411 1585 1498 gaudeo.
1637 1407 1775 1480 Interea
1791 1407 1983 1482 Ecclesiam
1999 1429 2034 1484 et
2052 1437 2118 1482 nos
2144 1414 2209 1482 lilio
2223 1411 2274 1480 Dei

277 1527 356 1584 tura
378 1537 462 1588 csse.
515 1509 558 1584 ln
583 1515 688 1585 bonis
714 1513 799 1582 viris
826 1513 1190 1602 magnumvinculum
1213 1525 1265 1582 est
1316 1513 1536 1583 commendo.
1577 1505 1763 1602 Oppidum
1777 1511 2277 1604 nonproculaNoribrrgasi·

172 1691 176 1702 ,
278 1630 421 1687 mutuae
440 1614 707 1684 benevolentiae
721 1615 919 1684 studiorum
936 1615 1131 1684 similitudo
1150 1627 1185 1684 et
1208 1613 1263 1682 iu·
1317 1627 1392 1681 tum
1413 1603 1634 1680 Forchheim
1651 1637 1746 1682 nunc
1763 1613 1903 1684 obsidet
1918 1609 2105 1685 Marchio
2121 1611 2277 1684 ailbertus.

278 1715 454 1786 diciorum
494 1715 646 1787 collatio.
706 1711 970 1786 Animadvertis
1011 1731 1128 1788 autem
1167 1711 1264 1784 hunc
1317 1711 1487 1804 Propioca
1509 1713 1640 1804 oppida
1658 1711 1892 1802 Noribergae,
1925 1741 2016 1810 quae
2040 1717 2132 1788 rexit
2152 1715 2278 1788 Senatus

280 1811 468 1886 Audacem
485 1811 673 1887 honestum
689 1817 806 1886 virum
825 1841 897 1886 esse
913 1831 948 1888 et
964 1817 1161 1887 communis
1177 1840 1264 1886 con·
1315 1813 1604 1904 Noribergensis,
1638 1815 1768 1886 delevit
1795 1815 1971 1886 incendio.
2034 1815 2152 1888 Aiunt
2173 1819 2276 1886 ducem

278 1921 420 1989 cordiae
450 1932 624 1988 amantem
655 1932 689 1988 et
730 1919 885 1990 alienum
918 1921 964 1990 ab
996 1919 1263 1990 obtrectatione.
1315 1913 1514 1985 Hearicum
1538 1911 1834 1986 Brunsvicensem
1859 1919 1988 1989 ducere
2016 1920 2201 1990 exercitum
2229 1917 2278 1984 ad·

279 2019 399 2110 Quare
419 2035 452 2092 te
467 2031 603 2104 oro‚ut
618 2045 697 2090 eum
713 2021 955 2112 complectaris
970 2034 1005 2091 et
1022 2020 1180 2090 consiliis
1193 2019 1263 2090 tuis
1317 2041 1438 2087 versus
1469 2013 1715 2086 Marchionem
1748 2017 1947 2093 Alhertum.
2006 2019 2116 2092 Plura
2149 2017 2278 2089 scrihere

278 2144 388 2212 regas.
441 2119 553 2213 Spero
575 2121 947 2192 ciuslamiliaritatem
969 2121 1264 2192 tibinoninsua·
1317 2143 1412 2188 nunc
1433 2141 1506 2186 non
1536 2117 1656 2208 potui,
1695 2141 1761 2188 nee
1784 2116 1947 2190 historias
1974 2135 2085 2192 certas
2115 2115 2279 2191 habebam.

278 2247 355 2292 vem
374 2210 460 2292 lo're.
500 2217 649 2292 Decrevi
663 2225 708 2292 ad
724 2247 785 2293 vos
802 2223 969 2316 expatiari
986 2247 1092 2317 quam
1108 2223 1263 2316 primum
1316 2217 1412 2288 Haec
1427 2219 1551 2310 scripsi
1568 2243 1689 2299 mane,
1715 2233 1811 2290 stans
1830 2222 1874 2288 ad
1899 2221 2030 2290 lectum
2047 2223 2194 2292 miserae
2213 2241 2282 2290 con-

276 2337 418 2414 potem,
445 2337 485 2394 ut
508 2325 552 2394 de
574 2323 789 2414 gravissimis
810 2325 1024 2418 quibusdam
1044 2324 1262 2418 quaestioni·
1317 2321 1407 2409 iugis
1432 2345 1551 2404 meae,
1584 2319 1749 2390 luctantis
1781 2345 1861 2390 cum
1888 2335 2013 2396 morte.
2074 2319 2155 2394 Oro
2188 2321 2282 2390 filiun

275 2425 342 2498 bus
362 2439 477 2494 tecum
501 2439 536 2498 et
556 2450 635 2494 cum
661 2425 740 2494 aliis
757 2427 904 2497 eruditis
921 2427 1112 2522 colloquar.
1165 2423 1262 2496 Bene
1315 2419 1401 2506 Dei,
1425 2436 1466 2492 ut
1483 2421 1698 2492 calamitates
1714 2423 1873 2512 publicas
1889 2437 1924 2493 et
1939 2425 2093 2514 privatas
2118 2425 2237 2506 leniat,
2257 2431 2285 2488 et

276 2536 309 2598 et
326 2525 475 2598 feliciter
493 2527 580 2598 vale.
630 2523 772 2602 Dicet).
788 2525 890 2602 Maii.
1316 2537 1430 2593 servet
1460 2535 1495 2592 te
1522 2535 1555 2592 et
1580 2533 1658 2591 tuos
1681 2547 1803 2592 omnes
1825 2525 2034 2598 incolumes.
2089 2523 2186 2596 Bene
2211 2523 2285 2591 vale.

1012 2635 1212 2734 Philippus,
1317 2621 1627 2697 Prid.Cal.lunii.
1680 2621 1837 2693 Salutem
1859 2637 1942 2715 opto
1965 2619 2009 2695 D.
2027 2619 2174 2722 Myle'o.
2224 2617 2285 2692 An·

1316 2721 1442 2796 dream
1460 2719 1706 2818 Wesliagum
1722 2725 1788 2794 tibi
1804 2729 2029 2802 commendo.

274 3021 340 3096 No.
358 3020 471 3100 5400.
1092 3025 1261 3145 &Q

279 3115 451 3152 Μ

1318 3103 1525 3236 Q
2155 3107 2292 3184 atttut

1627 3291 1693 3376 Io.
1722 3291 1985 3376 Mattheac'o.

1382 3445 1467 3520 Epist.
1484 3445 1532 3500 lib·
1548 3445 1580 3504 ll.
1597 3465 1624 3520 p.
1644 3447 1702 3503 1⁰6.
1716 3448 1772 3516 (ed.
1788 3443 1876 3502 hond
1892 3443 1938 3502 lib.
1953 3445 1988 3503 ll.
2004 3463 2048 3517 ep.
2064 3445 2136 3515 92).

1500 3593 1555 3668 D.
1581 3591 1798 3668 Iohanni
1820 3591 2097 3670 Matthesio

1315 3731 1362 3820 S.
1383 3745 1427 3822 D.
1480 3745 1689 3820 Reverende
1701 3751 1756 3818 vir
1773 3763 1806 3818 et
1821 3743 2025 3819 charissime
2041 3749 2169 3834 frater,
2193 3747 2294 3838 Saepe
2332 3839 2333 3844 ἵ

1317 3863 1436 3940 repeto
1452 3852 1699 3922 dulcissimum
1715 3873 1874 3931 versum,

506 3207 511 3220 ⁸
568 3221 659 3306 Iac.
680 3225 940 3336 Boediugo.

342 3382 420 3456 †Es
438 3401 531 3458 apogr.
550 3385 578 3440 iu
597 3385 658 3440 eod.
680 3383 764 3441 Paris.
781 3383 818 3440 D.
836 3381 870 3438 h·
889 3383 950 3440 5⁴⁸.

274 3533 303 3608 I
307 3535 452 3610 accho
478 3533 745 3632 Borda'ngo,
783 3531 940 3610 doctoris
973 3536 1069 3608 ortis
1102 3533 1261 3631 rnedt'cae

404 3639 443 3710 in
467 3637 605 3736 inclyto
634 3635 833 3711 adcadeatia
860 3633 1132 3712 Rostocttana.

275 3771 322 3858 S.
350 3789 392 3864 D.
443 3785 491 3860 Et
505 3790 615 3862 debeo
639 3805 670 3861 et
688 3787 800 3860 habeo
824 3793 889 3861 tibi
905 3793 1072 3882 gratiam,
1099 3796 1194 3886 quod
1223 3795 1260 3863 in

278 3889 403 3961 itinere
420 3903 480 3961 tuo
498 3915 612 3982 nuper
629 3917 693 3960 atos
712 3893 914 3986 alloquutus
931 3890 1019 3984 es').
1070 3889 1147 3963 Etsi
1167 3897 1260 3964 eninr

276 3995 381 4062 ltceve
398 3993 616 4086 colloquium
641 3993 725 4076 fuit,
752 4007 868 4064 raanan
887 3998 935 4064 dc
952 3997 1163 4088 quibusdam
1187 4023 1261 4064 ma·
1356 3983 1412 4058 Ele
1432 3979 1546 4064 ‘letum’
1569 3979 1664 4048 ”3⁹⁰5
1685 3980 1793 4070 Ψωέὄῖ
1814 3977 1982 4074 “fllium
2008 3970 2116 4062 timi·

276 4095 354 4182 gnis
372 4097 475 4166 rebus
498 4095 668 4166 iudicium
695 4109 795 4166 tuauu
819 4096 968 4168 libenter
985 4099 1125 4178 audivi,
1152 4123 1191 4168 ac
1213 4101 1260 4170 ita
1315 4103 1395 4175 Erit
1416 4106 1524 4194 igitur
1547 4118 1582 4175 et
1603 4111 1810 4196 conspectus
1825 4096 2056 4176 vestermihi
2073 4101 2251 4172 iucundus
2269 4110 2299 4165 ct

278 4217 441 4265 accensus
457 4219 533 4266 sum
552 4197 728 4268 desiderio
742 4211 821 4268 tuam
837 4199 1260 4298 consuetudinis,utcum
1307 4208 1429 4281 ¹(taleis
1449 4207 1563 4276 oratio
1591 4231 1671 4276 eum
1700 4205 1925 4280 adveneritis.
1985 4197 2074 4276 Nam
2108 4205 2158 4272 de
2187 4199 2300 4276 multis

279 4297 432 4384 primum
456 4309 576 4386 potero
600 4301 644 4368 ad
663 4323 723 4370 vos
739 4301 924 4383 accedere,
950 4313 985 4372 et
1008 4300 1263 4392 aliquantisper
1318 4308 1453 4396 magnis
1482 4309 1587 4376 rebus
1614 4321 1649 4379 et
1676 4305 1959 4376 consideratione
1979 4302 2100 4392 ,dignis
2122 4305 2300 4397 colloque·

279 4399 489 4466 commorari
507 4398 583 4466 istic
598 4401 830 4482 decreverim,
857 4415 969 4472 tecum
984 4401 1261 4474 utdiutiuscol-
1318 4433 1409 4480 mur.
1461 4408 1801 4497 Qntareutveniatis
1821 4399 1927 4496 opt'o,
1953 4401 2300 4478 erudientium

280 4495 378 4588 loqui
397 4497 510 4572 liceat.
562 4493 662 4568 Nihil
680 4503 865 4572 amabilius
880 4513 930 4572 est
945 4505 1154 4574 rectitudine
1169 4503 1263 4575 iudi-
1316 4525 1356 4582 ur
1372 4535 1433 4580 vos
1450 4523 1626 4600 protegat,
1651 4523 1690 4578 ur
1706 4509 1792 4580 texit
1808 4504 2125 4588 lucubratoriam
2144 4507 2300 4578 inertum

279 4597 325 4668 cii
347 4599 533 4669 coniuncta
557 4623 637 4668 cum
660 4603 822 4672 candore.
882 4601 948 4674 llis
970 4606 1162 4677 uirtutibus
1183 4609 1260 4677 curia
1317 4609 1472 4684 Ecclesia
1488 4637 1548 4682 sua
1567 4611 1783 4681 domestica.
1800 4609 1885 4680 Mea
1901 4608 2025 4679 misera
2042 4605 2204 4678 coniunx
2219 4629 2303 4700 quo-

280 4711 313 4768 te
330 4699 499 4769 excellere
515 4699 674 4784 videam,
694 4702 764 4770 inti
783 4703 1028 4774 ernclitissimis
1046 4711 1114 4775 tatis
1130 4731 1263 4778 senno-
1318 4716 1404 4794 tidie
1418 4717 1582 4798 iamcum
1603 4727 1713 4781 morte
1730 4713 1902 4793 luctatur,
1918 4731 1980 4798 ego
1997 4708 2302 4780 commiseratione

279 4799 385 4870 nibus
408 4801 511 4870 valde
534 4801 647 4893 cupio.
699 4799 803 4870 Nune
827 4805 983 4872 retineor
1002 4801 1124 4884 adhue
1143 4809 1264 4878 dome·
1317 4803 1419 4884 valde
1440 4816 1631 4886 excrucior.
1691 4811 1760 4884 Sed
1785 4809 1852 4882 hoc
1877 4811 2038 4879 dolorem
2066 4809 2177 4894 lenit,
2212 4807 2305 4901 quod

279 4901 373 4972 sticis
388 4903 578 4977 aerumnis.
628 4901 718 4973 Nam
735 4927 811 4973 mea
836 4905 991 4974 coniunx
1007 4901 1123 4975 adhuc
1146 4909 1263 5001 quoti·
1318 4916 1428 5003 ipsius
1454 4939 1553 4984 ruens
1577 4929 1610 4984 et
1632 4915 1765 5004 integra
1789 4929 1822 4983 et
1839 4911 2030 5006 tranquilla
2048 4923 2098 4978 est
2115 4911 2306 4979 manifesto

1317 5017 1389 5086 Dei
1411 5016 1592 5086 beneficio.
1647 5014 1733 5085 Tibi
1761 5029 1795 5086 et
1819 5003 1991 5110 Caspare
2013 5011 2170 5102 pagellas
2193 5011 2306 5092 mitte,

313 5153 343 5226 *)
361 5153 919 5231 AbiitinAcademisntliostochisnsm,
940 5146 1164 5218 otex’t‘ooaott.
1185 5161 1264 5216 Scri-
1317 5121 1360 5187 de
1383 5119 1513 5212 quibus
1532 5117 1705 5186 indicium
1726 5133 1881 5189 vestrum
1911 5113 2040 5206 flagito·
2091 5109 2198 5183 Bene
2219 5111 2309 5182 νὼ

345 5237 456 5346 ῗὲἓὲιιω
478 5225 613 5298 publicos.
639 5227 851 5288 beadwiteb.
872 5231 1046 5304 intelligitur,
1081 5247 1173 5286 mense
1193 5228 1263 5285 totio
1302 5215 1723 5293 ‘Ptldlecttlend11unlb

312 5377 345 5450 a)
363 5375 661 5438 vitasunt...
