4726 5818
239 231 315 327 dest&
817 223 1251 310 EMSTOLARUM
1280 227 1515 312 211&le
1553 228 1713 311 ζίὶὸδδὶ.
2197 229 2281 307 056

240 431 297 481 me
319 405 495 490 existimes
519 405 596 484 sine
619 399 1232 496 magno'dbiore:etsotehoetesn-‚
1302 452 1308 466 ·
1359 398 1603 474 ,muraena
1626 403 1721 496 parit
1743 399 2017 499 disphutinncs:
2061 401 2164 477 Nora
2188 407 2287 476 obe-

242 533 308 604 pus
322 509 520 592 audivisse,
551 520 586 582 et
600 521 709 582 'auae
729 508 855 594 audire
876 507 1071 580 multorom
1093 503 1232 604 cinopo·
1283 505 1417 576 dierrtia
1431 505 1687 581 ssthnishdeis
1743 505 2288 580 Decomsnmaustedieusta

243 605 380 711 λογίας,
401 623 439 680 et
447 610 645 704 aenigmata
659 631 846 702 quaterem
859 617 942 682 srmt
952 624 996 682 ut
1007 611 1054 680 de
1062 603 1232 706 Sphynge
1284 631 1409 678 vernus
1431 618 1500 678 ests
1533 608 1625 680 sieut
1646 607 1774 680 Petrus
1799 609 1937 706 inquit,
1972 603 2212 702 κομιζόμενοι
2237 605 2287 681 τὸ

243 713 329 789 dicit
341 711 467 805 Eurip.
483 709 642 804 ἄμουσοι
659 704 768 808 ᾠδοί.
818 709 962 800 Quaero
978 712 1231 803 proprietatem
1282 706 1383 790 τέλος
1394 713 1459 804 τῆς
1472 703 1641 792 πίστεως.
1680 705 1732 782 Et
1746 735 1870 807 rerum
1887 725 1950 786 est.
2004 709 2087 782 ideo
2103 713 2172 783 fide
2187 711 2289 782 acci-

244 829 278 888 et
294 813 597 907 perspicuitatem,
622 824 658 884 et
671 813 796 884 studeo
810 812 1121 903 iugercumbigua.
1161 813 1231 886 Sed
1285 811 1401 904 pimus
1415 811 1758 900 reconciliationem,
1790 828 1830 885 ut
1845 836 1991 906 prorsus
2005 815 2120 885 deleto
2138 828 2292 904 peccato

244 941 319 992 non
342 939 481 1008 semper
495 917 685 1008 respondet
702 937 780 985 mco
801 915 945 986 conatui
963 930 1120 988 eventus.
1172 913 1234 985 ln-
1286 925 1319 982 et
1334 927 1447 984 morte
1462 914 1572 984 simus
1585 914 1669 986 iusti
1684 915 1723 984 in
1737 913 1810 986 vita
1824 929 1965 986 aeterua
1984 915 2120 1005 integra
2136 915 2291 988 iustitia.

244 1022 384 1094 terdum
406 1017 592 1095 infirmitas
616 1015 751 1105 ingenii
778 1015 871 1088 cedit
894 1019 1014 1102 oneri3
1053 1017 1234 1090 interdum
1286 1009 1334 1084 Et
1363 1014 1414 1086 ibi
1445 1012 1612 1108 congruit
1640 1031 1905 1108 argumentum:
1949 1013 2051 1087 Finis
2075 1031 2127 1090 est
2146 1019 2284 1088 melior

106 1211 108 1214 Ι
245 1135 343 1192 metu
358 1119 614 1193 calumniarum
635 1117 828 1210 impedior;
862 1118 1018 1214 denique
1040 1121 1235 1190 multaim-
1286 1141 1462 1212 quamres
1485 1141 1575 1217 quae
1595 1117 1773 1190 antecedit
1794 1121 1918 1208 finem3
1952 1113 2124 1190 habitatio
2148 1119 2284 1190 melior

247 1224 399 1317 pcdiuut
419 1243 543 1294 omues
561 1221 716 1292 dicentes
738 1234 774 1292 et
793 1221 1005 1307 scribentes,
1046 1245 1107 1292 eos
1129 1224 1233 1293 etiam
1285 1234 1339 1290 est
1354 1245 1461 1312 quam
1483 1220 1626 1310 domus;
1658 1243 1743 1292 usus
1759 1220 1886 1292 melior
1903 1234 1975 1305 est,
2004 1245 2110 1315 qnam
2133 1222 2288 1293 materia

248 1325 310 1418 qui
325 1323 476 1412 ingeniis
490 1336 524 1394 et
540 1322 740 1394 emditioue
753 1323 941 1397 excellunt.
1000 1321 1078 1394 Scis
1103 1325 1148 1394 de
1168 1323 1235 1394 Pe·
1288 1320 1507 1414 praecedens.
1577 1319 1735 1394 Perfecta
1761 1325 1901 1394 novitas
1930 1343 1993 1392 seu
2024 1321 2159 1394 iustitia
2190 1325 2291 1392 vitre

248 1425 439 1510 ricledici,
470 1425 614 1496 solitum
638 1435 781 1516 optare,
813 1425 953 1518 quoties
974 1425 1235 1519 dicturuserat,
1288 1437 1449 1494 aeternae
1471 1423 1650 1496 antecellit
1672 1423 1767 1501 fidei.
1826 1423 1896 1496 Sed
1928 1427 1972 1492 de
1995 1420 2226 1496 inchoatione
2250 1425 2294 1494 in

247 1529 410 1622 nequod
434 1527 502 1598 sihi
526 1529 673 1600 verbum
695 1526 888 1612 excideret,
918 1529 1235 1624 quodquenquom
1289 1519 1354 1595 har
1379 1525 1450 1594 vita
1474 1550 1548 1595 non
1578 1523 1627 1595 sic
1649 1525 1849 1618 loquimur:
1890 1519 2055 1598 inchoata
2080 1527 2292 1598 obedientia

249 1630 429 1700 offendere
456 1641 587 1720 posset:
638 1627 791 1700 Memini
828 1623 1019 1700 Durerum
1056 1631 1238 1724 pictorem,
1289 1627 1467 1697 antecellit
1490 1627 1583 1702 fidei.
1635 1623 1782 1700 Possent
1805 1623 1890 1698 haec
1910 1627 2077 1698 subcttius
2094 1629 2291 1720 disputari:

249 1732 311 1826 qui
333 1731 474 1805 dicebat
498 1754 535 1800 se
555 1732 814 1802 adolescentem
841 1731 879 1802 iu
903 1733 1082 1824 pingendo
1104 1755 1237 1802 amasse
1290 1731 1350 1798 sed
1375 1743 1555 1799 teneamus
1579 1727 1670 1798 illud
1691 1743 1792 1808 vetus
1812 1725 2073 1826 ἀμαθέστερον
2088 1725 2154 1804 καὶ
2171 1729 2292 1826 σαφέ-

249 1848 463 1904 monstrosas
483 1831 718 1906 etinnsitatas
738 1834 883 1922 figorasi
915 1832 1020 1906 Nunc
1039 1857 1158 1904 senem
1181 1835 1238 1904 in·
1290 1851 1434 1924 στερονε
1470 1854 1553 1900 usus
1575 1843 1627 1901 est
1651 1829 1777 1902 melior
1799 1857 1904 1926 quam
1930 1831 2092 1910 materia.
2151 1831 2225 1904 Sed
2242 1835 2291 1902 de

249 1935 341 2006 tueri
356 1949 537 2020 naturam,
571 1949 606 2008 et
625 1935 935 2028 conariquantum
959 1937 1110 2006 omnino
1123 1949 1240 2028 posset
1291 1933 1462 2004 efficiente
1484 1933 1586 2004 aliter
1607 1929 1678 2002 dici
1701 1947 1831 2026 potest:
1863 1955 1948 2006 usus
1971 1957 2046 2004 non
2074 1949 2125 2008 est
2159 1933 2291 2004 melior

249 2059 327 2108 eam
341 2037 502 2128 proxime
517 2036 667 2122 imitari,
691 2040 753 2108 scd
770 2039 982 2130 experiendo
999 2061 1240 2129 recognosce·
1290 2033 1463 2106 efficiente
1485 2058 1603 2120 causa3
1633 2031 1733 2106 Deus
1753 2049 1804 2107 est
1830 2035 1960 2106 melior
1990 2039 2144 2121 mundo;
2184 2039 2291 2104 mens

249 2163 306 2224 re,
330 2138 747 2231 quamdifficiiesitnon
770 2141 936 2210 eberrere
957 2139 1138 2210 anatum!
1181 2139 1237 2210 Fit
1292 2130 1516 2206 Archimedis
1537 2149 1588 2208 est
1611 2133 1757 2222 melior,
1791 2163 1897 2234 quam
1914 2131 2079 2208 machina
2104 2137 2289 2208 fabricata.

250 2235 319 2310 hoc
341 2239 447 2310 etiam
466 2240 508 2310 iu
531 2241 695 2315 dtcendo.
750 2240 807 2311 Sit
823 2253 940 2315 autem
964 2241 1239 2313 etmodusdili-
1291 2235 1360 2310 Sed
1385 2237 1432 2308 sit
1453 2239 1580 2309 modus
1595 2237 1848 2320 subtilitatum,
1882 2251 1916 2311 et
1931 2239 2084 2311 libenter
2105 2241 2151 2310 de
2165 2237 2290 2310 omni-

250 2342 398 2432 gentiae.
456 2337 546 2414 Nam
583 2355 619 2414 et
644 2342 735 2414 iliud
759 2357 861 2414 vetus
888 2343 1054 2414 laudatur
1080 2339 1124 2416 τὸ
1154 2339 1239 2415 λίαν
1290 2339 1356 2410 hus
1377 2339 1506 2408 nostris
1532 2339 1967 2434 quaestionibusaliorum
1984 2341 2126 2434 piorum
2150 2355 2186 2413 et
2204 2364 2290 2411 cru·

249 2436 400 2540 ἆκριβές
421 2446 649 2540 λογομαχίας
668 2438 792 2519 τίκτει.
845 2443 986 2534 Quaeso
1002 2459 1043 2516 ut
1056 2444 1240 2528 rescribas,
1290 2441 1447 2514 diturum
1463 2441 1592 2514 iudicia
1606 2441 1726 2516 audio.

250 2569 297 2616 an
313 2569 390 2616 mea
406 2543 635 2635 responsione
648 2559 729 2618 tuae
743 2547 965 2640 quaestiones
983 2561 1165 2644 utcunque
1180 2573 1239 2618 ex-

249 2647 400 2740 plicatae
415 2646 615 2720 videantur.
663 2648 726 2723 26.
745 2647 867 2742 Septb.

350 2789 561 2898 Responsio
586 2795 642 2870 cd
663 2797 894 2900 quaestiones
913 2799 1137 2900 propositos.
1290 2843 1357 2918 No·
1373 2843 1485 2916 6032·
2111 2857 2168 2925 25,
2182 2845 2271 2932 Sept.

376 2915 527 2992 Exilitas
545 2919 825 3014 disputationum
850 2923 894 2994 de
916 2917 972 2992 his
990 2924 1158 3014 fugiende
1173 2937 1239 2996 est.
1298 2939 1470 2972 Μ
2110 2941 2282 2970 '‘⁰''

250 3019 369 3094 Multo
386 3021 537 3091 maiores
552 3035 586 3093 et
603 3023 779 3113 graviores
794 3025 1021 3118 quaestiones
1031 3041 1114 3096 sunt
1134 3025 1239 3112 aliuc;
1586 3047 1625 3134 G
1663 3045 1974 3133 Bucghogzm

251 3125 296 3194 de
315 3147 371 3208 re,
405 3121 492 3218 quid
512 3121 558 3194 sit
578 3117 702 3224 λόγος,
727 3125 834 3196 ausit
850 3117 1239 3222 durmdpuoedpod-
1561 3206 1568 3222 ,
1625 3111 1636 3136 ’
1731 3205 1737 3222 ,
1974 3107 1988 3134 ’

251 3236 406 3298 uterere.
456 3221 525 3294 Hic
537 3223 647 3296 simus
660 3225 845 3317 vigilantes
859 3241 894 3298 et
909 3253 1028 3298 veram
1046 3228 1241 3300 invocatio-
1357 3205 1381 3278 i
1399 3205 1435 3260 E*
1449 3225 1544 3278 ''³⁰³‘'
1561 3205 1664 3263 '⁰⁶⁰⁶'
1676 3205 1762 3262 ΡΜ·
1783 3205 1822 3262 ⁰·
1834 3205 1866 3264 ¹¹·
1878 3206 1939 3264 ⁵⁴⁸·

251 3349 333 3396 nem
349 3325 564 3396 retineamus
584 3341 707 3400 contra
723 3327 1011 3424 samosatenum,
1043 3329 1240 3418 Servetum,
1292 3325 1495 3460 'georgio
1524 3356 1856 3436 Bucggopmo
1914 3357 2070 3436 plnum·
2090 3357 2282 3436 Ecclesia,

250 3423 427 3514 Arianos,
474 3421 762 3512 Mahometistas,
810 3444 932 3502 contra
961 3423 1172 3500 Liternum
1201 3433 1239 3502 in
1644 3419 1922 3561 Redimus&

250 3527 420 3618 Polouia,
450 3529 513 3623 qui
533 3531 667 3622 spargit
688 3529 888 3618 Servetica,
920 3531 1021 3602 cuius
1048 3557 1128 3604 cum
1149 3535 1240 3606 liber

251 3645 340 3702 esset
355 3653 501 3702 excusus
515 3625 706 3706 Cracoviue
718 3629 936 3706 Radzovilus
959 3634 1138 3727 sapienter
1156 3661 1239 3730 pro—
1289 3611 1511 3694 venerande
1527 3617 1583 3687 Vir
1599 3631 1632 3688 ΘΙ
1646 3616 1765 3691 miss·
1775 3617 1896 3694 frater.
1926 3613 2017 3688 Cum
2032 3613 2168 3688 Paulus
2182 3617 2283 3688 iubet

250 3727 369 3804 hibuit
381 3732 586 3810 editionem,
1289 3721 1515 3820 dpdorqueiit
1530 3713 1598 3792 τὸν
1614 3709 1727 3818 λόγον
1748 3715 1864 3805 θεοῦ,
1895 3731 2125 3790 cessaturam
2144 3719 2283 3811 perspi-

351 3849 407 3922 De
434 3851 545 3922 altera
569 3848 813 3946 quamtow)
841 3868 936 3926 ,ωε
956 3853 1088 3925 didm„
1106 3869 1143 3927 εἰ
1162 3856 1238 3926 gne
1288 3827 1428 3897 enitatis
1450 3839 1485 3896 et
1508 3821 1732 3916 proprietatis
1754 3820 1941 3916 praecepit.
1996 3819 2143 3892 Necme
2159 3820 2283 3891 existi-

250 3954 495 4044 ambiguitate:
529 3951 630 4024 Nova
652 3953 853 4026 obedientia
878 3971 929 4028 ω
951 3958 1094 4028 effectu,
1115 3953 1183 4027 nei
1198 3959 1236 4028 5„
1289 3951 1361 3998 mes
1384 3926 1459 3997 siue
1481 3944 1608 4014 magno
1632 3923 1756 4044 dolore
1780 3937 1816 3996 et
1838 3917 2003 4048 anteho'c
2021 3923 2282 4048 tempus'audi-

250 4056 370 4143 nobis,
396 4057 492 4128 sicut
516 4054 651 4128 dictum
674 4047 765 4126 est'd
787 4051 875 4138 θεὸς
897 4051 997 4130 ἐστὶν
1020 4053 1040 4131 ὃ
1062 4058 1235 4157 ἐνεργῶν.
1287 4031 1379 4100 ‘'5⁸⁵‘'
1406 4043 1441 4100 ‘i
1473 4051 1569 4099 ”¹¹⁰⁰
1593 4028 1718 4097 ”Ud'ffi
1746 4026 1942 4097 mmmm
1967 4049 2041 4097 Μ)
2155 4049 2219 4106 “²9
2245 4037 2282 4096 ‘²

249 4154 338 4227 Item
363 4151 494 4250 Ephe..
515 4162 553 4234 2,
578 4151 633 4240 οἷς
655 4151 928 4255 προητοίμασεν
952 4154 976 4230 ἁ
998 4153 1104 4246 θεὸς,
1145 4187 1235 4256 quae
1287 4131 1500 4253 aenigmata,
1531 4151 1621 4250 quae
1641 4151 1728 4252 vere
1744 4139 1845 4254 supt,
1878 4141 1920 4200 ut
1943 4128 2049 4219 desp
2075 4148 2169 4246 yuge
2193 4125 2282 4198 dicit

249 4259 487 4352 praeparavit,
518 4272 552 4330 et
572 4251 723 4356 πρῶτὸν
748 4259 868 4334 αἴτιον
888 4273 939 4332 est
961 4274 1033 4332 tota
1056 4263 1235 4340 divinitas,
1284 4231 1506 4352 E¹¹¹¹P¹df⁸q
1526 4223 1808 4326 ἀμθυωίῳδω·
1861 4227 2006 4318 Qm‘ffl
2022 4241 2279 4348 ΡΙῬΙἈἯΞῙΜειη

247 4355 332 4449 Agit
355 4375 472 4431 autem
494 4359 600 4432 Pater
620 4386 682 4452 per
703 4359 834 4434 Filium
860 4365 1066 4450 docentem,
1098 4366 1160 4458 qui
1176 4366 1236 4437 in·
1285 4345 1637 4428 εῑίἈἮΡῙθῑΠῑίῑίῑῐῑῙ»
1659 4329 2156 4424 θίὸωάῑθίῦὅθκθῐῦῧῑῖὓθ·
2206 4327 2278 4402 sed

246 4462 340 4556 quit:
372 4457 450 4553 Ego
467 4485 545 4532 sum
561 4463 660 4551 vifis,
693 4487 756 4532 vo,
777 4466 959 4556 palmites,
990 4479 1023 4536 et
1045 4489 1108 4558 pe,
1122 4465 1183 4560 sp,
1198 4465 1235 4539 s·
1285 4463 1357 4508 nou
1381 4461 1518 4556 semper
1536 4433 1725 4524 respondet
1744 4457 1828 4556 meo
1845 4431 1988 4556 conatui
2004 4445 2162 4505 eventus.
2215 4427 2280 4500 in-

245 4565 493 4636 accendentem
515 4565 635 4640 corda.
692 4561 777 4636 ideo
797 4567 883 4639 dicit
899 4563 1050 4638 Paulus:
1082 4565 1234 4642 Fructus
1284 4543 1423 4612 “idum
1458 4535 1644 4608 'nfifmiffl
1676 4537 1771 4606 ‘²⁶¹²
1808 4554 1929 4622 (Μ’
1964 4535 2147 4608 'nimium
2177 4547 2279 4606 ΜΠ

243 4661 397 4758 spus„
412 4679 505 4740 ,Μ
1284 4641 1540 4714 calumniarum
1557 4637 1745 4730 impedior.
1781 4633 1946 4732 Denique
1957 4618 2070 4709 mutu
2081 4633 2281 4728 impediens

1283 4765 1405 4814 omues
1428 4741 1583 4812 diceutes
1609 4751 1642 4809 et
1665 4739 1877 4820 scribentes,
1910 4762 1970 4810 eos
1986 4739 2111 4824 etiam,
2138 4737 2207 4832 qui
2222 4737 2276 4806 io·

1282 4845 1395 4938 geniis
1425 4857 1460 4914 ct
1488 4839 1689 4912 eruditione
1721 4841 1905 4912 excellunt.
1955 4837 2033 4912 Scis
2062 4840 2106 4910 de
2137 4835 2276 4909 Pericle

1281 4945 1370 5032 dici,
1408 4945 1552 5016 solitum
1580 4955 1702 5036 optare
1733 4943 1870 5040 quoties
1903 4943 2064 5014 dictamus
2093 4951 2192 5024 erat,
2231 4958 2274 5010 ne

1280 5051 1378 5149 quod
1410 5046 1481 5120 sihi
1519 5043 1668 5116 verbum
1701 5041 1892 5132 excideret,
1936 5041 2032 5140 qu'o'd
2067 5063 2273 5140 quenquam

342 4781 482 4856 Deinde
509 4799 603 4858 recte
633 4783 778 4856 dicitur:
821 4783 921 4858 Nova
949 4787 1151 4860 obedientia
1182 4802 1233 4862 est

242 4883 385 4957 effectus
407 4887 507 4974 fidei,
542 4887 609 4958 etsi
633 4887 744 4978 magis
768 4889 911 4980 'proprie
932 4891 1064 4964 dicitur
1089 4892 1232 4962 effectus

240 4983 307 5056 Dei
329 4988 501 5061 comitans
527 4991 650 5072 fidem,
688 4991 749 5060 sed
772 5004 889 5060 tamen
920 5005 955 5064 et
983 4989 1114 5065 Paulus
1144 4992 1231 5066 dicit

239 5083 359 5172 πίστις
372 5086 619 5192 ἐνεργουμένη
634 5083 697 5163 ded
715 5084 870 5191 ἀγάπης.
894 5107 898 5112 ’

241 5261 439 5280 *unna-—
1279 5249 1506 5268 ..uun-unum

269 5363 297 5436 ἱ)
324 5369 401 5454 Quae
425 5389 501 5426 nune
524 5369 671 5436 dicuntur,
697 5381 854 5440 congruunt
879 5385 943 5426 ears
960 5370 994 5425 iis
1017 5387 1085 5444 quse
1116 5375 1145 5430 in
1170 5393 1226 5448 seq.
1312 5371 1338 5440 ί)
1356 5367 1480 5445 Esodem
1493 5361 1808 5448 sdrerbnmepistolam
1822 5361 1918 5448 qudem
1931 5357 2150 5448 dichielputhon
2164 5359 2270 5438 seripu't

160 5495 172 5517 ι,
303 5436 417 5508 spissata
437 5437 471 5494 sd
492 5439 692 5516 Bucbotsms
710 5436 849 5512 teguntur.
1094 5460 1099 5474 ·
1342 5433 1639 5506 adliardeubergnsm,
1663 5433 1710 5492 eui
1726 5441 1819 5491 atatem
1829 5430 1937 5492 suriest
1950 5431 2068 5491 tuedo
2086 5430 2203 5506 mdis.
