4714 5832
226 229 342 316 ιω·
801 212 1385 298 sersrounuuurure
1408 215 1490 296 xit
1533 163 1676 298 sess.
2190 219 2261 294 no

128 382 133 390 ¹
227 397 421 538 Q·
1030 391 1219 477 (tSJAcg.)
1267 401 1391 479 ngat.
1428 387 1527 465 Bene
1547 390 1626 460 vale
1647 391 1798 468 candide
1821 393 1942 466 tener.
1999 389 2111 466 nene
2136 415 2259 464 mense
2352 357 2353 446 }

1047 486 1217 566 ⁸⁶⁴⁸?
1267 485 1430 582 Augusto
1445 512 1540 570 enno
1559 487 1670 570 1651.

251 647 256 653 ·
383 596 758 720 (comatoria
789 585 1063 706 longoreti.)
1600 611 1603 620 ’
1958 591 2054 672 Phil.
2066 595 2156 668 Met.

296 741 482 852 †E10pogr.
498 769 528 828 in
539 769 602 826 cod.
615 767 701 825 Parin
719 765 755 822 D.
768 767 802 822 L.
820 764 882 822 54⁴.
1160 807 1164 816 .
1275 805 2261 824 ----—-.----.---...........
2352 779 2353 792 κ

2352 859 2353 902 l

434 944 619 1023 Omnibus
635 940 782 1016 lecturis
797 935 870 1011 hus
888 937 1017 1010 literas
1990 1009 2001 1026 .
2087 949 2147 1010 17,
2164 937 2250 1019 Aug.
2352 973 2353 1004 ξ

2081 1027 2257 1062 Μ
2352 1021 2353 1054 t

230 1117 280 1208 S.
313 1123 359 1198 D.
415 1116 557 1190 Recittt
586 1109 750 1184 Clemens
781 1103 1046 1178 Alexandrinus
1077 1123 1220 1174 versum
1594 1136 1645 1221 D
1685 1133 1750 1224 Ch

228 1223 419 1308 Heracliti,
443 1222 484 1290 in
499 1243 569 1313 quo
584 1216 631 1287 ait
647 1211 799 1284 describi
812 1209 921 1278 vitam
937 1199 1220 1299 philosophicam
1646 1200 1657 1224 ·
1748 1145 1925 1254 firm·

231 1323 349 1408 πολλὰ
381 1321 619 1416 πλανηθῆναι
651 1307 849 1408 διζήμενον
883 1308 1038 1403 ἔμμεναι
1070 1297 1220 1380 ἐσθλόν.
1337 1292 1388 1366 111111
1398 1291 1496 1352 Μ·
1509 1291 1637 1366 chiffl*
1650 1291 1771 1364 ³P32¹⁰¹¹⁸
1788 1311 1815 1364 r·
1829 1293 1917 1363 ¹²³⁴·)

230 1434 371 1508 Laudat
393 1427 489 1498 enim
511 1418 830 1516 peregrinationem
850 1411 1011 1484 discendi
1026 1432 1130 1482 causa
1143 1429 1221 1482 sus-
1497 1427 1502 1438 ·
1535 1445 1721 1521 David'.
1744 1443 1846 1550 chy
1855 1461 1981 1523 nm

231 1549 385 1630 ceptam,
412 1530 451 1616 in
473 1549 543 1622 qua
565 1537 684 1594 tamen
706 1518 881 1590 retinetur
908 1537 1049 1584 morum
1074 1508 1221 1598 integri·
1307 1563 1318 1584 .
2352 1561 2353 1588 2

102 1693 104 1698 ,
231 1656 296 1711 tas.
347 1629 425 1702 Etsi
448 1642 568 1700 autem
590 1620 650 1694 hic
672 1622 728 1690 vir
748 1615 1017 1690 honestissimus
1034 1609 1221 1708 Hapertns
1270 1585 1318 1677 S.
1341 1597 1387 1672 D·
1436 1597 1648 1671 Doctissime
1673 1602 1730 1672 vir
1752 1615 1787 1674 et
1803 1603 1982 1674 carissime
1996 1605 2116 1678 frater.
2169 1602 2265 1676 Cum
2352 1603 2353 1620 ¹

231 1734 472 1830 Longaetus,
504 1725 742 1816 Burgundus‚
778 1719 955 1812 praeclare
987 1717 1150 1788 eruditus
1182 1714 1221 1782 in
1270 1716 1351 1774 ante
1379 1701 1560 1772 octiduum
1595 1697 1688 1772 hanc
1722 1703 1906 1798 epistolam
1931 1701 2051 1776 Elea.
2076 1697 2266 1788 Palatini,

232 1845 328 1927 iure,
357 1832 526 1906 instruxit
547 1851 583 1898 se
606 1825 808 1915 cognitione
832 1819 1013 1892 doetrinae
1032 1831 1068 1888 et
1090 1815 1222 1886 multa·
1270 1829 1378 1900 quam
1403 1825 1501 1874 nunc
1529 1802 1598 1874 tihi
1620 1803 1744 1891 mitto,
1778 1804 1951 1878 inclusam
1980 1803 2064 1878 huic
2094 1810 2268 1900 pagellae,

232 1959 315 2014 rum
336 1959 477 2020 rerum,
510 1927 742 2002 consideratis
765 1923 891 1995 studiis
915 1935 951 1992 et
964 1923 1077 1991 forma
1091 1919 1222 2009 guber·
1271 1906 1499 1999 accepissem,
1527 1905 1698 1996 respondi
1716 1905 1835 1979 subito
1851 1899 1911 2000 *),
1939 1933 1979 1980 ac
2000 1909 2082 1978 misi
2099 1908 2266 1982 Palatino

234 2041 393 2116 nationis
408 2039 448 2106 in
463 2033 584 2117 ltalia,
609 2028 747 2110 Gallia,
769 2023 954 2118 Hispania,
980 2017 1123 2112 Anglia,
1147 2015 1223 2089 Da·
1271 2023 1350 2080 tuas
1364 2007 1529 2100 epistolas
1545 2008 1634 2078 duas
1646 2008 1692 2078 ad
1706 2031 1764 2078 me
1781 2009 1946 2102 scriptas,
1967 2025 2117 2084 uttuam
2133 2013 2269 2084 volun-

234 2148 296 2216 nia
321 2157 355 2215 et
371 2135 582 2222 Germania:
608 2145 728 2202 tamen
750 2123 818 2200 hoc
839 2147 1008 2214 magnum
1031 2125 1138 2194 decus
1156 2115 1224 2190 hee
1272 2123 1380 2181 tatem
1402 2133 1444 2179 ex
1466 2108 1517 2178 eis
1538 2123 1773 2200 cognosceret.
1838 2110 1993 2204 Scripsi,
2026 2127 2062 2185 te
2090 2115 2198 2184 malle
2227 2115 2269 2184 in

233 2270 317 2318 vera
340 2244 446 2314 laude
469 2249 626 2328 superat,
659 2231 758 2327 quod
781 2230 820 2298 in
835 2241 888 2298 tot
902 2226 1060 2317 gentium
1076 2245 1224 2294 consue.
1274 2209 1465 2282 Academia
1477 2210 1613 2302 patriae
1628 2209 1748 2280 vivere
1763 2235 1870 2305 qnam
1882 2213 1983 2299 alibi,
2008 2217 2069 2284 sed
2084 2215 2207 2286 literas
2221 2219 2269 2286 ad

233 2348 359 2422 tudine
397 2340 546 2413 retinuit
585 2336 741 2406 nativam
789 2329 1026 2420 integritatem
1068 2348 1223 2408 morum,
1273 2328 1307 2385 te
1322 2313 1534 2384 nominatim
1547 2312 1850 2404 scribendas-esse,
1869 2327 1908 2386 ut
1925 2320 2051 2408 petere}
2060 2317 2269 2388 missionem

232 2449 424 2530 iustitiam,
460 2441 567 2510 fidem
592 2451 627 2508 et
651 2430 862 2506 modestiam
887 2431 926 2500 tn
952 2428 1052 2499 omni
1076 2426 1224 2498 actione.
1273 2415 1397 2508 possis·
1454 2411 1591 2484 Eadem
1624 2415 2055 2499 maurianensem,
2096 2441 2177 2488 eum
2199 2419 2270 2490 iter

233 2548 482 2642 comperimus
503 2540 598 2611 enim
620 2535 728 2607 huius
742 2532 898 2626 Huperti
919 2555 1035 2600 mores
1057 2529 1167 2598 iustos
1190 2539 1225 2596 et
1274 2515 1617 2588 Francofordianum
1649 2516 1763 2586 nostri
1792 2515 1887 2588 cives
1919 2519 2147 2610 susciperent.
2214 2515 2271 2590 Ac

233 2653 392 2748 placidos
413 2668 503 2728 esse,
529 2655 564 2711 et
584 2638 748 2708 eximiam
769 2636 844 2704 eius
861 2656 933 2702 esse
948 2630 1173 2723 prudentiam
1191 2641 1225 2698 et
1275 2617 1446 2712 quicquid
1470 2617 1514 2685 de
1538 2629 1573 2686 te
1598 2615 1781 2686 literarum
1806 2641 1990 2712 accepero,
2015 2621 2168 2692 fideliter
2181 2621 2271 2690 mit-

234 2751 514 2825 moderationem
539 2743 579 2810 in
601 2739 700 2810 omni
722 2736 858 2820 officio,
883 2749 918 2805 et
939 2733 979 2801 in
993 2731 1096 2802 dictis
1112 2744 1146 2800 et
1161 2754 1225 2820 pa·
1275 2733 1358 2794 tam.
1411 2717 1550 2788 Tamen
1570 2742 1649 2787 curn
1672 2713 1764 2788 hanc
1785 2719 1968 2812 epistolam
1982 2715 2162 2792 Palatini
2173 2723 2272 2814 lege-

235 2857 299 2928 ctis
319 2854 437 2923 fidem.
487 2841 650 2936 Cumque
672 2839 780 2910 fuerit
796 2834 900 2906 nobis
914 2835 990 2904 eius
1004 2832 1225 2902 familiaritas
1274 2821 1342 2907 ris,
1373 2831 1408 2890 te
1433 2819 1551 2912 ipsum
1572 2843 1610 2888 re
1629 2819 1822 2891 deliberate
1839 2823 1885 2892 ad
1899 2821 2097 2916 principem
2112 2824 2271 2894 scribere

235 2955 409 3037 iucunda,
442 2947 526 3040 quia
555 2946 601 3014 de
630 2942 824 3012 multorum
858 2937 1078 3008 eruditorum
1099 2933 1225 3006 studiis
1275 2921 1441 3014 optarim.
1491 2917 1554 2990 Me
1572 2945 1714 3016 quoque
1732 2922 1771 2991 in
1789 2923 1939 3014 patriam
1955 2925 2207 3010 vocarivides;
2235 2939 2273 2996 et

235 3073 271 3130 et
290 3051 496 3134 sententiis,
530 3060 565 3118 et
589 3047 634 3115 de
656 3044 804 3114 aliarum
828 3040 986 3131 gentium
1011 3035 1171 3106 moribus
1192 3049 1226 3105 et
1276 3025 1360 3117 quia
1382 3023 1475 3093 bellu
1497 3045 1564 3091 110⁸
1587 3023 1740 3112 migrare
1763 3039 1910 3114 cogent,
1943 3049 2023 3098 cum
2046 3021 2131 3097 hinc
2153 3027 2273 3096 disee.

236 3158 375 3251 legibus
388 3153 500 3223 multa
516 3147 625 3239 digna
637 3144 839 3236 cognitione
853 3164 997 3212 narrare
1013 3151 1145 3231 potest:
1173 3149 1225 3206 ta·
1276 3127 1434 3194 deudum
1457 3121 1543 3208 erit,
1568 3123 1710 3193 decrevi
1727 3125 1767 3194 in
1781 3125 1932 3217 patriam
1948 3127 2140 3220 proficisci,
2166 3129 2276 3196 sivi.

235 3284 320 3332 men
341 3257 454 3328 multo
475 3251 615 3323 dulcior
632 3248 703 3318 fuit
723 3259 868 3338 propter
888 3265 1028 3311 morum
1043 3238 1226 3329 integrita-
1276 3251 1378 3312 vam,
1404 3238 1466 3295 aut
1488 3247 1564 3294 non
1585 3224 1673 3296 belli
1687 3228 1832 3299 saevitia
1845 3227 2039 3322 opprimar,
2089 3227 2187 3299 Haec
2201 3253 2273 3298 no-

235 3379 321 3435 tem.
370 3355 475 3446 Hanc
497 3366 614 3424 antem
636 3347 820 3440 epistolem
843 3345 877 3414 ei
897 3342 997 3428 dedi,
1021 3354 1057 3411 et
1070 3354 1112 3411 ut
1126 3338 1226 3432 testi·
1276 3343 1347 3400 stre
1362 3325 1520 3420 pericula
1536 3323 1613 3396 Deo
1628 3329 1851 3416 commendo,
1873 3331 1957 3424 quia
1971 3343 2023 3402 est
2035 3325 2274 3428 καρδιογνώ-

236 3462 398 3546 monium
421 3455 517 3552 apud
537 3477 618 3524 eum
633 3463 725 3522 extet
737 3445 1003 3518 benevolentiae
1017 3465 1097 3532 erga
1110 3443 1225 3533 ipsum
1277 3450 1382 3524 στης,
1407 3441 1442 3500 et
1454 3429 1518 3498 scit
1534 3451 1623 3524 quae
1640 3454 1718 3502 mea
1735 3455 1873 3524 semper
1885 3431 1925 3502 in
1942 3425 1998 3504 his
2015 3433 2122 3505 tantis
2139 3434 2273 3504 confu-

235 3591 351 3650 meae,
377 3577 411 3633 et
432 3585 478 3634 ne
500 3555 588 3652 quid
613 3549 824 3645 suspicionis
835 3544 861 3643 ¹)
884 3547 1011 3617 itinera
1033 3546 1109 3615 eius
1129 3543 1226 3614 adse.
1277 3531 1438 3603 sionibus
1463 3526 1630 3602 voluntas
1649 3531 1766 3604 fuerit.
1828 3529 1927 3604 Bene
1946 3533 2023 3604 vale
2045 3548 2081 3604 et
2104 3535 2274 3606 rescribe.

237 3682 328 3740 rant.
378 3663 461 3733 Non
485 3659 581 3732 enim
601 3679 724 3746 regum
746 3651 888 3742 negotia
914 3648 1132 3733 circumfert,
1165 3647 1225 3715 sed
1276 3633 1344 3706 Die
1365 3631 1422 3703 17.
1440 3627 1603 3724 Augusti.
1878 3721 1883 3729 ¹
2352 3619 2353 3648 ³

239 3764 447 3840 Academias
466 3761 656 3852 perlustrat
678 3769 712 3825 et
734 3779 814 3825 eum
836 3752 924 3822 viris
945 3749 1057 3820 doctis
1070 3748 1226 3840 colloqui
1642 3814 1646 3825 ,
1787 3805 1790 3813 .
1967 3731 2169 3832 Philippus.

237 3869 365 3943 studet·
423 3859 477 3935 Ac
504 3883 601 3930 nunc
635 3855 862 3926 Academiam
893 3851 1163 3922 Cracoviensem
1193 3863 1228 3918 et
1729 3832 1734 3842 ’
2030 3904 2032 3912 ,

238 3971 481 4041 Viennensem
510 3959 674 4032 accedere
703 3956 867 4028 decrevit.
925 3950 1017 4024 Cum
1038 3951 1148 4040 igitur
1168 3944 1227 4018 hic

192 4129 196 4136 ·
237 4071 422 4166 Hupertus
434 4081 468 4137 et
484 4064 529 4135 sit
546 4061 603 4132 vir
618 4055 788 4129 honestus
805 4081 844 4127 ac
860 4055 1038 4138 eruditus,
1058 4065 1093 4124 et
1107 4073 1227 4122 causas
1256 4077 1259 4085 ¹
1277 4095 1345 4171 No·
1360 4090 1474 4171 5454·

238 4171 405 4244 honestas
423 4161 719 4262 peregrinationis
742 4155 888 4242 habeat,
915 4156 1124 4225 commendo
1145 4174 1227 4223 eum
1285 4191 1456 4224 w„
2095 4105 2271 4228 Q

238 4273 405 4348 omnibns
427 4270 532 4341 bonis
546 4265 652 4346 viris,
679 4275 713 4334 et
728 4285 810 4346 oro,
834 4271 876 4330 nt
891 4279 971 4327 eum
988 4255 1155 4324 adversus
1169 4255 1229 4321 fn·
1869 4297 1879 4317 ο
2036 4339 2038 4343 Α

237 4378 368 4450 iuriam
390 4371 591 4444 defendant.
641 4364 733 4437 Nam
755 4377 791 4434 et
813 4363 888 4455 ipse
908 4359 986 4429 iura
1002 4352 1149 4450 hospitii
1160 4349 1229 4447 ho7
1587 4293 1720 4407 cmii·
1747 4291 1963 4405 Aquilae·

238 4493 337 4552 neste
355 4487 475 4548 tuetur
489 4465 535 4568 ²).
587 4465 668 4539 Scio
683 4464 851 4538 honestos
865 4477 901 4535 et
914 4461 1106 4554 prudentes
1120 4458 1229 4541 viros,
1257 4452 1261 4469 '
1344 4465 1532 4541 Νῆρος..
1550 4467 1580 4522 tn
1598 4467 1668 4523 cet.
1686 4465 1772 4522 Peste.
1790 4465 1827 4522 n,
1839 4465 1868 4524 1,
1881 4467 1942 4524 ⁵4¹.

237 4580 303 4653 ubi
325 4597 519 4672 paucorum
541 4571 681 4641 diemm
704 4565 961 4656 consuetudine
973 4582 1091 4658 mores
1105 4573 1139 4632 et
1155 4575 1230 4630 ser·¹
1256 4578 1261 4589 ·

236 4705 362 4753 mones
375 4677 450 4749 eius
466 4668 777 4753 consideraverint,
803 4693 866 4739 suo
881 4665 1013 4761 iudicio
1028 4659 1097 4734 hoc
1110 4669 1229 4760 mento
1258 4743 1261 4755 Ι
1278 4637 1371 4719 Cas
1376 4667 1435 4742 pa
1445 4667 1492 4714 ro
1518 4638 1556 4713 A
1561 4640 1741 4742 quidm,
1764 4637 2125 4728 PastoriEeciesiue
2140 4644 2223 4720 Dei
2235 4653 2275 4722 in

239 4772 483 4858 testimonium
508 4771 800 4866 comprobaturus
816 4791 907 4852 esse,
922 4747 1259 4836 'etlibenrer'ttit
1404 4825 1454 4865 ,m
1506 4842 1516 4868 ι
1565 4839 1577 4863 Γ,
1592 4742 1726 4859 oppido
1741 4741 1972 4858 Salaeldiae
2012 4843 2017 4853 Ι
2127 4841 2132 4850 1

237 4899 379 4980 pertum
402 4882 443 5000 ip
466 4875 742 4996 familiaritatem
767 4869 983 4984 admissuros
1006 4889 1093 4934 esse.
1141 4859 1230 4932 .Oro
1282 4879 1331 4968 S·
1357 4893 1403 4966 D
1453 4855 1662 4966 Reverende
1683 4895 1739 4980 vit
1755 4860 2113 4978 etcafissme’fiater·
2164 4901 2278 4975 Nulla

240 5002 358 5061 amem
382 4983 497 5053 fflfflm
513 4977 599 5064 Μ’
633 4975 814 5072 ⁰⁰5²⁰d⁰¹¹¹
828 4965 1008 5072 E⁰l³¹⁸⁵¹³e
1030 4989 1113 5044 ωδε
1128 4987 1231 5059 pere·
1281 5021 1350 5067 vox
1371 4992 1732 5090 ardentior-unquam
1753 4991 1797 5065 in
1817 4999 1915 5069 coeld
1929 4988 2026 5070 'el‘in
2041 5005 2133 5072 terra
2150 5007 2278 5076 audita

240 5087 416 5182 grinentis
439 5096 473 5154 et
497 5078 688 5164 exulantis,
712 5091 752 5147 ut
772 5089 806 5145 et
820 5067 916 5156 hunc
930 5064 1133 5164 Ilupertum
1147 5089 1232 5160 pro·
1283 5111 1356 5182 eet,
1380 5118 1488 5191 quam
1505 5097 1742 5186 proeafiuqfflii
1756 5095 1825 5179 Μ
1836 5100 2035 5190 limone}
2051 5103 2179 5197 inqua
2194 5125 2282 5179 om

2061 4543 2256 4570 '‘⁵⁸¹‘'-u

1286 5251 1499 5273 ..ι-..μ-ιιι-ὺ-ο
1571 5268 1575 5286 t
1636 5249 1640 5263 ι
1655 5251 1660 5259 ι

277 5319 306 5387 1)
324 5311 512 5378 retrusionis,
534 5325 627 5380 1ΡοΙῦ
637 5323 667 5360 ²¹
679 5303 788 5360 mm·
1319 5331 1349 5404 ¹¹)
1367 5331 1484 5386 Periisse
1503 5290 1607 5384 videtui
1622 5329 1688 5385 haec
1702 5327 1826 5404 epistole.
1862 5331 2007 5388 Caeterum
2022 5335 2077 5394 vid.
2090 5353 2133 5409 ep.
2147 5337 2182 5392 ad
2193 5339 2279 5395 Mili-

123 5433 146 5446 ·
274 5419 304 5490 2)
326 5417 396 5474 Cod.
414 5423 534 5471 enema.
1354 5399 1445 5457 chium
1462 5401 1488 5454 d.
1503 5397 1530 5454 d.
1545 5399 1587 5455 ld.
1601 5399 1672 5467 Aug.
2013 5407 2017 5450 t
