4682 5822
218 229 297 310 ets
767 215 1230 322 ,artsronanuu

222 393 424 496 Georgium
440 410 476 472 et
490 387 718 492 Iacobum*)
740 419 802 468 sna
819 393 1004 486 diligentia
1024 406 1061 466 et
1082 391 1209 462 mode-

223 503 362 576 ratione
388 523 517 572 ornare
551 499 789 570 ministerium
813 493 1020 586 Evangelii,
1051 507 1087 565 et
1107 493 1211 564 vobis

221 605 392 676 omnibus
405 603 633 674 concordiam
654 615 689 674 et
705 600 998 694 tranquillitatem
1015 609 1111 688 opto.
1162 591 1211 666 Et

219 703 335 778 Deum
359 729 445 788 nro,
470 717 512 776 nt
532 717 648 776 servet
669 698 797 773 harum
817 699 1021 792 Regionum
1035 694 1211 770 Ecclesias

217 822 252 880 et
269 805 529 892 Ecclesiamm,
554 806 775 886 studiorum,
801 803 984 876 doctrinae
999 813 1036 872 et
1051 797 1210 892 discipli-

217 935 286 980 nae
311 906 483 1002 hospitia,
509 923 544 980 et
565 921 605 980 ut
627 930 691 978 vos
713 928 856 1002 quoque
879 917 915 978 et
940 916 1075 976 vestras
1094 912 1211 972 servet

218 1011 428 1086 incolumes.
478 1008 576 1082 Bene
590 1009 716 1085 valete.

958 1099 1160 1198 Philippus.

1042 1527 1101 1591 27.
1116 1513 1185 1582 Ian.

1027 1607 1198 1640 m

226 1517 294 1594 No.
312 1516 426 1590 6726.

218 1616 433 1654 Μ

523 1711 891 1803 lhhwfflmm

280 1876 364 1954 epse
381 1874 431 1934 us.
444 1875 479 1932 u.
496 1891 524 1946 p.
537 1871 582 1930 sc
599 1871 655 1944 (a.
672 1873 763 1931 nona.
781 1873 832 1930 ιο.
844 1871 879 1932 n
896 1892 940 1948 ap.
952 1873 1015 1948 rc>

415 2029 472 2108 D.
497 2025 718 2106 Iohanni
737 2026 1002 2106 Matthesio

212 2177 261 2266 S.
287 2185 335 2263 D.
384 2184 595 2259 Reverendo
618 2185 675 2258 vir
699 2199 735 2256 et
753 2180 960 2256 charissime
976 2187 1103 2274 irater,
1154 2184 1205 2262 Ut

210 2318 286 2362 mea
302 2289 490 2362 assiduitas
503 2301 538 2356 te
553 2289 597 2356 ad
614 2287 842 2356 scribendum
859 2287 1004 2376 invitet,
1022 2289 1142 2360 literas
1155 2291 1202 2360 dn

209 2393 376 2466 omnibns
392 2415 482 2484 quos
499 2389 544 2458 ad
563 2411 626 2458 vos
642 2388 755 2461 ituros
769 2411 843 2458 esse
864 2389 990 2477 audio,
1017 2403 1121 2486 teque
1136 2415 1201 2462 nro

209 2511 250 2568 ut
276 2494 448 2588 significes
475 2489 580 2560 nobis
606 2492 787 2583 quomodo
810 2491 939 2565 valeas.
990 2487 1069 2564 Oro
1095 2491 1201 2564 etiam

210 2597 345 2670 Filium
367 2593 434 2666 Dei
456 2589 653 2663 Dominum
679 2603 839 2660 nostrum
866 2589 981 2664 Iesum
1005 2587 1201 2679 Christum,

208 2714 249 2772 ut
262 2697 374 2768 animi
390 2709 425 2764 et
441 2692 599 2783 corporis
616 2693 708 2762 vires
730 2692 797 2762 tibi
813 2693 1009 2765 confirmet.
1060 2693 1201 2766 Princi-

1266 211 1494 296 .1.ttt.x1t
1545 214 1683 300 1566.
2177 217 2254 294 tro

1258 413 1361 462 nesna
1389 389 1549 474 addidit,
1571 382 1736 462 Latum
1757 413 1833 462 non
1850 383 2088 484 omneafinit.
2137 385 2252 462 Cum·

1259 517 1328 586 que
1343 492 1495 562 sciamus
1508 485 1616 564 huius
1641 492 1735 564 vitae
1757 493 1875 564 studia
1898 507 2037 564 tantum
2061 515 2136 564 esse
2158 516 2253 586 apa-

1256 585 1465 692 γύμνασμα
1478 617 1540 666 seu
1556 594 1761 666 tirocinium
1775 595 1820 664 sd
1838 595 1938 666 illam
1959 607 2142 668 aeternam
2156 591 2254 666 Aca-

1258 697 1431 781 demiam,
1455 719 1654 787 speremus,
1678 693 1756 768 Deo
1777 719 1882 768 curae
1903 697 1981 768 iore
2004 709 2148 768 nostros
2169 719 2255 768 sos-

1258 810 1334 883 tus,
1358 811 1393 868 et
1408 811 1548 868 nostros
1561 799 1712 873 labores.

1372 895 1416 968 ln
1441 891 1604 970 Palania
1626 900 1848 972 constituunt
1875 899 2042 970 nonnulli
2072 893 2255 970 Ecclesiae

1257 1021 1357 1082 suas,
1388 1025 1429 1072 ac
1452 1001 1523 1070 iam
1548 997 1675 1093 hospes
1699 999 1891 1074 Polnnicus
1916 1025 2056 1070 merram
2079 1013 2153 1085 est,
2185 999 2253 1094 qui

1256 1124 1421 1172 acervum
1439 1103 1688 1196 quaestionum
1706 1105 1841 1189 adfert,
1868 1126 1956 1199 quas
1972 1102 2024 1172 ibi
2037 1097 2251 1172 Stansorus

1258 1203 1388 1286 movit,
1415 1205 1479 1297 qui
1498 1218 1615 1276 tamm
1639 1205 1725 1276 inde
1742 1205 1858 1276 iussus
1877 1219 1928 1276 est
1947 1205 2144 1290 discedere,
2167 1226 2252 1274 curn

1257 1327 1332 1374 nun
1348 1305 1517 1377 desiverit
1530 1307 1740 1378 maledicere
1764 1307 1896 1378 nostris
1911 1302 2093 1378 Ecclesiis.
2144 1301 2250 1376 Abiit

1257 1406 1296 1474 in
1306 1401 1564 1494 Walachiam,
1588 1405 1935 1494 itnmsBieantium,
1956 1421 1998 1478 ut
2020 1429 2084 1498 ego
2103 1406 2251 1476 ratioci-

1255 1531 1336 1582 nor.
1387 1505 1515 1580 Vocati
1531 1533 1653 1581 snmus
1670 1512 1716 1580 ad
1729 1511 2022 1582 deliberationem
2037 1507 2189 1578 aulicam
2201 1507 2249 1580 de

1256 1609 1475 1702 inspectione
1487 1607 1740 1686 Ecclesiamm.
1792 1609 1940 1684 Utinam
1964 1635 2049 1682 vero
2073 1623 2167 1680 reete
2182 1611 2249 1678 de-

1255 1711 1403 1782 liberata
1417 1713 1687 1804 perficerentur,
1712 1708 1811 1794 inor
1823 1707 1899 1811 γὰρ
1915 1705 2024 1811 λόγος
2045 1705 2250 1802 andorn

1254 1805 1425 1907 πράξεων
1441 1811 1596 1912 ἄμοιρος
1609 1805 1829 1914 γενόμενος,
1854 1827 1896 1886 ut
1910 1809 2168 1886 Demosthenes
2189 1814 2250 1882 in-

1280 1915 1344 1986 uit.

1255 1939 1278 2008 q
1357 2011 1466 2087 Mitto
1484 2015 1637 2107 pagellas
1658 2019 1703 2087 de
1719 2011 1862 2089 Electra
1873 2009 1931 2112 ⁸),
1955 2013 2049 2086 vires
2068 2015 2108 2086 in
2131 2013 2250 2084 medi·

1254 2116 1393 2188 catione
1416 2117 1589 2188 illustrari
1610 2117 1755 2205 malim,
1791 2141 1881 2213 quas
1902 2117 2059 2211 comperi
2080 2116 2250 2186 mirificas

1254 2241 1338 2290 esse.
1377 2217 1448 2294 Sed
1467 2214 1553 2292 haee
1569 2243 1702 2294 coram.
1740 2213 1979 2306 Ioaclsheos,
1998 2218 2076 2292 Deo
2091 2219 2252 2304 iurante,

1253 2320 1436 2392 vobiscum
1460 2321 1527 2392 erit
1541 2322 1601 2394 die
1622 2322 1773 2416 septimo
1788 2319 1990 2400 Februarii.
2037 2319 2139 2393 Bene
2155 2321 2250 2392 vale·

1252 2418 1320 2492 Die
1337 2422 1400 2494 2⁸.
1416 2419 1586 2494 ianuarii.

208 2823 269 2896 pes
286 2799 432 2893 quidam
446 2795 548 2864 valde
564 2797 805 2878 contendunt,
828 2805 868 2864 ut
884 2795 1016 2866 nostris
1030 2791 1198 2868 Ecclesiis
1309 2859 1318 2884 ,
1431 2853 1442 2880 ,

211 2902 379 2998 synodus
406 2897 594 2966 indicatur.
655 2893 813 2964 Maxime
846 2895 999 2986 optarim
1025 2897 1200 2968 honoret

209 3006 332 3076 doctos
353 3000 448 3069 viros
462 2999 507 3067 de
524 2997 661 3089 aliquot
680 2997 837 3066 materiis
851 2997 1022 3092 colloqui.
1073 2997 1145 3070 Sed
1165 2999 1198 3070 si

208 3102 399 3176 dissimiles
412 3112 517 3169 erunt
529 3099 568 3166 in
586 3097 658 3166 illis
675 3097 924 3187 congressibus
937 3100 1019 3182 alii,
1036 3113 1198 3172 metnen-

208 3209 294 3277 dum
317 3215 406 3275 esset
419 3194 663 3272 Nazianaem'
681 3201 819 3288 ,dictum
841 3200 886 3268 de
901 3199 1075 3293 Synodis,
1101 3203 1199 3295 quod

208 3307 275 3380 tibi
293 3319 419 3375 notum
437 3314 498 3373 est.
552 3299 658 3371 Mitto
674 3301 774 3370 vobis
791 3293 1066 3392 Definitionum
1089 3298 1199 3374 libel-

210 3407 286 3480 lom
310 3427 434 3476 rursus
456 3401 611 3485 editum,
642 3402 699 3472 cui
724 3403 764 3471 in
792 3401 862 3470 line
886 3403 1001 3473 adieci
1024 3406 1198 3498 quaedam

207 3505 291 3604 περὶ
305 3505 434 3591 ἕξεων,
458 3525 550 3598 quae
564 3502 672 3573 velim
690 3518 724 3574 te
740 3517 775 3574 et
789 3493 1001 3600 Carporum
1015 3507 1198 3599 inspicere.

209 3613 349 3686 Scribes
370 3601 461 3678 mihi
482 3606 587 3676 etiam
607 3605 640 3678 si
661 3601 850 3701 ὠφέλιμον
866 3601 972 3680 δοκεῖ
983 3603 1198 3708 συγκρίνειν

209 3706 383 3788 σύνοδον.
409 3706 507 3780 Bene
522 3707 600 3778 vale
617 3719 651 3779 et
665 3708 830 3784 rescribe.
854 3703 922 3780 Die
933 3708 996 3788 27.
1011 3709 1182 3786 ianuarii.

1041 4073 1100 4138 28.
1119 4063 1184 4130 len.

1028 4157 1200 4186 Μ

220 4069 287 4144 Νο.
303 4009 418 4140 5727.

214 4169 425 4204 Μ

533 4243 867 4336 Geflmmm

278 4403 632 4484 mmmnmmc

244 4560 449 4664 Georgia
474 4560 724 4654 Fabricio,
746 4564 978 4662 gubernanti
996 4563 1165 4642 schalom

578 4663 825 4746 Misnensem.

211 4809 258 4898 S·
283 4819 329 4898 D.
378 4813 594 4892 Charissime
609 4821 728 4892 irater.
782 4813 955 4892 Delectati
970 4843 1094 4892 sumus
1116 4843 1201 4891 nar-

210 4925 351 4996 ratione
374 4925 420 4994 de
442 4917 626 4994 Theodori
647 4919 765 4994 Gazae
787 4921 952 5014 praedio,
985 4936 1020 4992 et
1043 4917 1111 4991 hac
1135 4943 1201 4990 nos

210 5027 423 5119 cogitatione
435 5027 702 5112 confirmemus,
725 5047 832 5118 quam
854 5022 933 5108 ille,
957 5045 1022 5092 ceu
1039 5017 1202 5114 Epipho-

213 5191 429 5208 w

245 5269 276 5338 2)
291 5269 427 5338 Georgius
441 5267 587 5324 Ectnardt
599 5265 695 5352 l’jstm
709 5263 742 5321 ad
755 5265 814 5322 aed.
827 5263 855 5321 S.
869 5263 960 5336 Petri,
980 5274 1007 5320 et
1021 5263 1136 5322 lacobus
1145 5265 1201 5332 sy-

279 5335 1016 5482 'tilithilittlltiltl⁰ttlltud⁸²
1029 5346 1198 5410 ⁰⁹⁹⁰m¹⁸⁵

1318 3153 1405 3228 Epist.
1416 3153 1451 3210 sd
1465 3153 1603 3212 Gamerae.
1617 3172 1644 3227 p.
1654 3151 1706 3210 668
1718 3172 1760 3228 sq.
1776 3153 1834 3224 (ed.
1846 3151 1937 3212 band.
1948 3151 1998 3211 lib.
2012 3151 2060 3211 lV.
2074 3168 2120 3226 ep.
2132 3153 2219 3214 ml.

1249 3321 1475 3402 Clarissimo
1498 3326 1577 3398 viro
1600 3322 1804 3400 eruditione
1827 3334 1860 3400 et
1885 3326 2015 3400 virtute
2033 3329 2249 3426 praestanti

1250 3419 1793 3504 [oachimoCamerario
1809 3425 1939 3531 fratri
1952 3453 2022 3502 suo
2038 3429 2248 3516 carissimo,
2338 3475 2339 3500 r

1251 3567 1299 3657 S.
1324 3578 1370 3654 D.
1419 3575 1568 3652 Utinam
1584 3591 1619 3650 et
1637 3579 1824 3650 universae
1838 3577 2108 3670 gubernationis
2128 3591 2165 3650 et
2187 3579 2247 3649 in·
2338 3619 2339 3624 =

1250 3682 1441 3776 spectionis
1455 3677 1695 3752 Ecclesiamm
1712 3680 1862 3752 consilia
1883 3694 1968 3753 sunt
1982 3681 2120 3770 ielicia,
2154 3703 2247 3776 quae

1251 3785 1332 3880 quis
1346 3797 1407 3854 aut
1419 3785 1610 3873 gubernet,
1623 3794 1684 3851 eut
1698 3781 1791 3852 serio
1812 3793 1928 3866 curet,
1953 3783 2115 3853 nondum
2132 3783 2247 3854 ratio-

1252 3885 1364 3957 cinari
1384 3905 1540 3976 possum.
1597 3877 1795 3953 Excrucior
1822 3883 1960 3974 ingenti
1982 3883 2127 3972 dolore,
2161 3907 2247 3956 cum

1192 4017 1198 4026 ·
1233 3977 1366 4059 ⁸fontes
1383 3985 1565 4056 doctrinae
1585 3983 1734 4076 negligi,
1754 3985 1979 4076 disciplinam
1996 3985 2129 4068 deleri,
2155 4011 2247 4056 con·

1252 4087 1385 4161 lirmari
1405 4084 1654 4158 Centauricam
1685 4087 1869 4156 audaciam
1891 4085 2009 4161 video.
2066 4081 2116 4158 Et
2141 4111 2244 4160 nnnc

1251 4190 1409 4263 fortassis
1425 4189 1568 4259 oracula
1584 4199 1750 4280 petentur
1761 4189 1806 4258 ab
1817 4181 2044 4285 Emposa¹),
2069 4201 2245 4284 tanquam

1252 4287 1437 4388 abibylla.
1490 4288 1627 4359 invitus
1648 4289 1853 4380 proficiscor
1871 4289 1918 4359 ad
1935 4289 2070 4375 aulam,
2095 4304 2131 4362 et
2153 4291 2246 4362 scire

1255 4395 1359 4488 cupio
1379 4415 1425 4461 an
1450 4405 1489 4461 tn
1514 4410 1655 4485 quoqne
1671 4389 1858 4462 accersitus
1873 4391 1932 4462 sis.
1973 4387 2160 4463 'Fortassis
2182 4417 2246 4462 ve·
2337 4401 2338 4414 ³

1251 4512 1322 4568 ster
1336 4493 1461 4564 Pastor
1477 4491 1699 4562 excusatione
1714 4492 1929 4563 valetudinis
1941 4503 2077 4566 utetur.
2126 4490 2181 4566 Ea
2198 4495 2243 4566 de

1251 4625 1288 4670 re
1304 4593 1394 4668 mihi
1412 4593 1554 4667 scribas.

1349 4697 1403 4770 De
1427 4695 1511 4765 vino
1533 4692 1682 4785 gratiam
1706 4707 1740 4764 et
1761 4693 1871 4763 debeo
1892 4707 1928 4766 et
1946 4689 2062 4766 habeo
2083 4689 2242 4766 Stibars

1249 4817 1282 4873 et
1305 4801 1383 4873 tibi.
1442 4795 1511 4868 Sed
1541 4795 1700 4886 proiecto
1731 4819 1806 4864 non
1837 4795 1991 4868 libenter
2011 4819 2094 4867 enm
2117 4810 2239 4868 sumtu

1248 4927 1370 4982 onero,
1393 4897 1596 4991 praesertim
1613 4921 1692 4968 cum
1710 4897 1817 4967 sciam
1833 4919 1874 4967 eo
1891 4897 2054 4990 pluribus
2069 4921 2152 4970 eum
2166 4899 2239 4970 lan

1246 5005 1333 5096 giri,
1359 5003 1441 5096 qnia
1458 5013 1585 5070 natura
1601 4999 1758 5070 liberalis
1773 5011 1806 5070 et
1822 4999 1978 5070 benefica
1995 5013 2057 5072 est.

1247 5171 1462 5188 *-

1277 5247 1306 5315 *)
1326 5245 1530 5318 Propositiones
1541 5243 1575 5300 de
1591 5241 1695 5316 origine
1713 5253 1740 5300 et
1759 5242 1847 5302 unsis
1864 5241 1972 5303 succini
1984 5239 2122 5303 Prussisei
2140 5243 2233 5322 dispu-

1310 5325 1405 5370 tetaes
1422 5315 1558 5380 Panum,
1575 5332 1599 5367 a.
1615 5313 1691 5370 15⁵5.
1775 5315 1782 5336 ⁸

1277 5405 1308 5474 t)
1325 5398 1487 5457 arnasano
1502 5399 1540 5470 (a)
1559 5397 1592 5454 c.
1607 5393 1667 5452 vv.

1429 5709 1453 5752 Ι
