4688 5816
208 267 294 382 aas
773 265 1206 364 arr‘srontnuu

216 483 301 546 dnm
325 467 568 560 Evangelium.
627 461 819 534 Testamur
837 437 951 551 ¹igitur
971 451 1070 527 hunc
1090 447 1206 524 hone·

217 592 311 648 stum
329 589 364 644 et
380 571 557 642 eruditum
576 565 693 634 virum

271 735 591 832 „Magistrum
626 721 845 800 Iacobum
873 712 1064 796 Cureum
1090 711 1203 790 Sal·

273 836 525 914 veldensem
555 838 760 902 voratam
787 847 882 898 esse
908 816 970 894 ad
992 817 1207 902 ministe-

275 943 396 1014 riam
423 926 693 1028 Evangelii
724 927 772 1000 in
805 921 990 999 ditione
1022 922 1209 998 Henne-

273 1036 518 1138 hergensi.''

222 1213 314 1285 Cum
336 1223 451 1280 autem
475 1229 493 1276 a
517 1202 621 1272 uobis
637 1199 784 1294 petitum
799 1193 860 1282 sit,
884 1207 926 1265 ut
941 1193 1120 1286 explorata
1135 1187 1210 1259 eius

212 1298 422 1384 ¹eruditione
448 1307 656 1376 adderemus
678 1299 860 1392 publicum
882 1294 990 1365 ritum
1013 1291 1210 1365 ordinatio-

227 1417 303 1500 nis,
340 1411 528 1500 diligenter
556 1429 635 1474 cum
666 1399 885 1483 audivimus,
917 1409 952 1466 et
976 1393 1211 1488 comperimus

227 1541 306 1587 eum
330 1528 422 1584 recte
445 1523 564 1580 tenere
586 1527 758 1574 summam
781 1497 964 1569 doctrinae
986 1492 1212 1576 christianae,

228 1634 261 1688 et
286 1617 341 1708 pie
364 1629 399 1684 et
414 1622 614 1682 constanter
632 1601 794 1696 amplecti
809 1601 997 1693 puritatem
1014 1594 1213 1688 Evangelii,

228 1743 332 1814 qnam
356 1730 389 1785 et
408 1709 564 1782 Ecclesia
587 1720 707 1776 nostra
733 1727 804 1772 una
826 1725 912 1771 voce
933 1713 967 1770 et
983 1723 1056 1768 uuo
1075 1697 1212 1791 Spiritu
1335 1751 1347 1774 ,

229 1845 307 1890 cum
330 1811 500 1887 catholica
519 1807 676 1879 Ecclesia
694 1801 825 1875 Christi
844 1801 1044 1896 profitetur,
1070 1823 1110 1869 ac
1126 1821 1146 1867 a
1162 1798 1214 1866 fa—

230 1919 355 1991 naticis
388 1912 620 2007 opinionibus
648 1905 822 1978 damnatis
856 1901 989 1972 iudicio
1022 1895 1214 1972 catholicae

230 2020 405 2098 Ecclesiae
426 2010 560 2085 Christi
585 2005 785 2078 abhorrere.
838 2003 1133 2074 Promisitetiam
1159 1995 1216 2068 hic

234 2115 503 2213 „Magister
549 2108 751 2182 Iacobus
788 2101 1140 2175 Salaeldensis”
1178 2099 1217 2168 in

233 2223 394 2294 doctrina
409 2215 642 2290 constantiam
657 2225 692 2284 et
708 2211 746 2280 in
760 2207 876 2278 officio
893 2205 998 2276 fidem
1014 2217 1048 2274 et
1066 2203 1218 2292 diligen-

185 2407 187 2410 ·
234 2328 328 2395 tiam.
381 2318 500 2409 Quare
523 2319 554 2385 ei
577 2317 671 2386 iuxta
693 2311 890 2382 doctrinam
910 2305 1137 2400 apostolicam
1153 2327 1220 2394 pa-

131 2437 137 2446 '
234 2428 327 2498 blico
355 2437 388 2493 et
416 2423 476 2514 pio
508 2419 579 2487 ritu
602 2413 885 2486 commendatum

186 5253 199 5287 ἱ

909 2423 959 2479 est
982 2405 1218 2478 ministerium

234 2523 387 2598 docendi
410 2517 597 2610 Evangelii
624 2529 659 2588 et
692 2509 973 2584 administranda
1005 2517 1220 2579 sacramenta

236 2633 331 2700 iuxta
348 2625 582 2695 vocationem.
632 2617 724 2689 Cum
739 2627 855 2685 autem
873 2613 968 2682 lilius
984 2608 1065 2691 Dei,
1091 2607 1153 2704 qui
1171 2619 1222 2678 est

237 2725 345 2830 λόγος
359 2725 493 2798 aeterni
507 2719 643 2804 Patris,
664 2741 745 2786 vere
759 2715 805 2787 sit
823 2713 943 2786 efficax
960 2736 1046 2782 voce
1060 2709 1222 2780 ministe-

235 2832 304 2916 rii,
332 2843 367 2900 et
387 2826 508 2904 faciat,
542 2835 582 2892 ut
604 2817 840 2888 ministerium
866 2816 912 2886 sit
933 2813 1101 2898 salutare,
1131 2811 1222 2882 sicut

238 2931 493 3024 scriptumest:
520 2925 617 2993 sedet
632 2923 675 2992 ad
693 2922 851 2990 dextram
868 2917 995 3008 patris,
1021 2917 1115 2984 dona
1133 2914 1222 2982 dans

238 3031 462 3110 hominibus,
501 3020 711 3119 prophetas,
747 3020 941 3112 apostolos,
980 3015 1222 3106 evangelistas,

239 3147 395 3228 pastores
411 3144 445 3200 et
461 3131 637 3211 doctores;
663 3139 697 3193 et
709 3121 801 3192 sicut
814 3121 982 3190 dominus
997 3117 1133 3211 inquit:
1158 3137 1222 3206 ego

240 3259 318 3306 sum
349 3234 450 3314 vitis,
483 3252 544 3298 vos
574 3226 753 3317 palmites,
785 3223 861 3292 siue
883 3245 940 3290 me
966 3215 1059 3288 nihil
1079 3215 1223 3310 potestis

239 3339 369 3406 lacere:
401 3329 558 3404 Oramus
580 3351 675 3412 eum,
705 3340 745 3395 ut
765 3323 854 3393 adsit
870 3333 904 3390 et
919 3315 1025 3390 huius
1042 3320 1111 3389 iam
1125 3315 1223 3387 ordi-

242 3437 316 3510 nati
339 3434 557 3514 ministerio,
583 3443 616 3498 et
631 3427 752 3510 faciat,
777 3437 816 3492 ut
830 3424 874 3494 sit
888 3423 1051 3494 salutare.
1103 3417 1222 3512 lpsum

242 3539 347 3610 etiam
361 3535 573 3625 Magistrum
589 3529 755 3599 Iacobum
773 3538 805 3594 et
814 3519 1006 3595 Ecclesiam
1022 3545 1122 3592 suam
1139 3516 1225 3590 hor·

243 3657 377 3722 tamur,
411 3651 451 3707 ut
474 3634 654 3704 doctrinae
677 3631 863 3720 puritatem
888 3626 1073 3696 retineant.
1132 3619 1224 3690 Vere

233 3724 337 3812 'euim
352 3741 402 3810 ibi
418 3752 468 3807 est
479 3733 635 3806 Ecclesia
650 3731 734 3818 Dei,
763 3729 827 3799 ubi
843 3739 945 3798 sonat
957 3749 1025 3796 vox
1038 3721 1227 3813 Evangelii

242 3846 468 3932 incorrupta,
494 3859 575 3905 vere
598 3833 650 3904 ibi
672 3833 732 3903 dat
749 3831 845 3903 Deus
858 3843 1036 3900 aeternam
1055 3827 1224 3896 iustitiam

113 3979 123 3988 ·
243 3959 278 4016 et
312 3943 441 4026 vitam,
473 3961 554 4006 vere
588 3934 734 4005 exaudit
760 3945 795 4004 et
826 3931 999 4020 gubernat
1024 3928 1227 3997 invocantes

243 4047 377 4139 ipsum,
407 4039 544 4129 mitigat
570 4038 673 4106 etiam
696 4055 881 4104 aerumnas
905 4027 1010 4102 huius
1030 4029 1123 4100 vitae
1139 4041 1173 4098 et
1189 4027 1228 4094 in
1340 4095 1348 4110 ,

244 4149 298 4218 ira
313 4145 519 4217 recordatur
532 4137 792 4208 misericordiae
806 4157 899 4208 suae.
950 4129 1071 4220 Quare
1093 4127 1227 4222 inquit:

245 4249 275 4319 si
297 4245 498 4318 manseritis
521 4242 559 4310 in
584 4264 658 4324 me,
684 4251 719 4308 et
734 4237 841 4305 verba
859 4258 935 4304 mea
954 4233 994 4302 in
1009 4231 1111 4302 vobis
1126 4253 1229 4299 man-
1301 4298 1310 4314 ‚

245 4350 372 4434 serint,
403 4343 577 4439 quidquid
600 4340 783 4410 volueritis
805 4335 949 4428 petetis,
981 4349 1016 4406 et
1037 4333 1095 4403 fiet
1118 4332 1227 4400 robis.

244 4449 440 4522 Hortamur
463 4447 568 4515 etiam
591 4467 668 4526 eos,
702 4455 743 4512 ut
763 4440 834 4509 sint
858 4460 1029 4506 memores
1051 4432 1228 4528 praecepti

246 4549 360 4622 divini
397 4551 441 4618 de
474 4545 725 4616 coniunctione
759 4554 792 4611 ct
825 4537 1014 4610 concordia
1043 4561 1123 4607 cum
1150 4533 1230 4603 aliis

243 4649 412 4726 Ecclesiis
443 4661 535 4719 recte
566 4643 799 4714 sentientibus
831 4643 981 4724 tuenda,
1019 4639 1111 4708 sicut
1143 4637 1228 4706 scri-

230 4737 345 4852 'ptum
380 4766 447 4823 est:
488 4743 508 4822 ὃ
542 4741 630 4828 θεὸς
663 4736 789 4841 ἀγάπη
823 4737 918 4828 ἐστὶ,
958 4733 1020 4811 καὶ
1054 4733 1074 4810 ὁ
1103 4732 1230 4830 μένων

231 4842 285 4932 ’ἐν
306 4859 353 4950 τῇ
375 4846 521 4954 ἀγάπῃ,
551 4849 592 4922 ἐν
612 4851 667 4944 τῷ
692 4845 773 4944 θεῷ
796 4839 916 4935 μένει,
948 4836 1011 4946 real
1035 4835 1055 4913 ci
1078 4834 1168 4920 θεὸς
1190 4837 1231 4910 iv

243 4955 359 5055 αὐτῷ.

343 5117 699 5207 DataeWitebergae
717 5138 812 5184 anuo
836 5108 991 5198 „155u
1016 5101 1088 5178 die
1109 5107 1231 5201 sesto

243 5249 343 5324 qao
378 5219 699 5293 celebratur
729 5213 989 5284 memoria
1022 5207 1232 5304 gloriosi

1257 245 1477 360 nta.x1t
1529 259 1667 359 sosoi
1770 323 1777 338 ,
2170 267 2239 354 rso

1231 447 1488 534 'alioram,
1538 459 1580 522 et
1618 441 1931 536 ostendentis,
1980 443 2145 548 qualis
2185 447 2245 520 sit

1261 550 1505 626 Ecclesiae
1532 547 1701 648 gloria
1728 547 1938 654 sutura.”

1310 685 1436 760 Pastor
1448 683 1627 758 Ecclesiae
1639 681 1708 756 Dei
1728 685 1767 754 in
1788 685 1921 777 oppido
1935 681 2112 758 &aoniae
2127 683 2249 758 Witc·

1363 791 1482 878 bcrga,
1508 801 1543 860 et
1556 788 1684 861 caeteri
1699 786 1855 880 ministri
1871 781 2058 878 Evangelii
2074 787 2114 858 in
2131 790 2250 860 eadem

1362 887 1531 962 Ecclesia.

1314 988 1491 1064 lohannes
1508 983 1748 1082 Bugcnlragen
1763 987 1902 1065 Pomcr.
1920 991 1972 1062 D.

1420 1111 1587 1184 tTimotb.
1605 1116 1659 1184 ht
1686 1107 1962 1193 temtaberunt,
1984 1111 2200 1190 adhortationi,
2224 1127 2254 1174 et

1467 1216 1630 1280 doublure.
1682 1213 1729 1280 Ne
1749 1220 1885 1298 negliges
1904 1217 2037 1289 donum,
2067 1213 2207 1299 quadiu
2227 1229 2254 1274 te

1467 1332 1530 1397 est,
1559 1317 1642 1403 quod
1662 1319 1766 1382 dotum
1782 1321 1899 1382 esttibi
1913 1340 1967 1402 per
1979 1316 2173 1400 prophetiam
2186 1338 2255 1380 arem

1468 1425 1664 1504 impositione
1678 1441 1823 1484 manuum
1838 1434 1942 1483 noetus
1956 1423 2121 1482 seniorum.

1568 1531 1629 1628 n·
1646 1530 1702 1632 st
1811 1531 1872 1630 a
1890 1527 1947 1629 s.)

1315 1645 1505 1742 Philippus
1520 1645 1746 1725 Melanthum

1249 1111 1281 1138 μιν

1318 1751 1495 1842 (xmrgius
1513 1749 1644 1826 Maior.
1659 1751 1704 1824 D.

1318 1853 1547 1926 Sebastianus
1564 1849 1809 1924 Hoeschelius.
1826 1849 1881 1924 Μ.

1319 1953 1432 2026 Lucas
1447 1947 1613 2026 Hezerus.
1630 1953 1684 2030 M.

1271 2063 1496 2156 „Oramus
1543 2079 1693 2142 autem
1737 2063 2060 2141 Reverendum
2111 2067 2257 2137 virum

1270 2169 1323 2246 D.
1345 2163 1744 2270 Christoplearum
1770 2165 2064 2244 Piscatorem
2088 2168 2257 2264 guber-

1272 2283 1459 2346 nantem
1501 2269 1800 2346 Eeelesias
1839 2267 2108 2344 inditione
2142 2269 2260 2342 illa-

1271 2377 1442 2448 striam
1480 2367 1750 2470 Principum
1790 2371 2259 2468 Hennebergensium,

1274 2486 1319 2548 ut
1344 2471 1464 2546 leuna
1488 2471 1776 2570 Magistrum
1801 2471 2021 2548 Iacobum
2046 2473 2258 2572 paternis

1274 2576 1495 2651 consiliis
1523 2586 1672 2673 regat,
1707 2577 1827 2650 sicat
1853 2575 2077 2674 seriptum
2104 2583 2188 2647 est:
2220 2580 2258 2644 et

1274 2691 1320 2752 tu
1357 2702 1607 2752 conversus
1640 2679 1879 2781 confirma
1913 2677 2106 2778 fratres
2146 2685 2259 2750 taos.

1273 2778 1517 2864 Promittit
1566 2781 1709 2852 etiam
1751 2776 1997 2876 Magister
2037 2775 2261 2860 Iacobus,
2330 2865 2331 2874 ἵ

1275 2881 1370 2980 ipsi
1393 2906 1438 2954 se
1456 2877 1685 2984 fideliter
1705 2881 2117 2978 obtemperaturum
2141 2878 2261 2952 esse.''

1888 3089 2263 3108 w*

1275 3223 1341 3295 No.
1357 3219 1469 3293 5987.

1283 3319 1453 3348 Μ

1420 3425 1667 3510 Testimoa.
1699 3423 1923 3508 Bramero
1953 3421 2130 3507 danem.

1306 3589 1311 3598 '
1346 3587 1367 3656 †
1389 3585 1427 3638 Er
1442 3582 1597 3656 apographo
1610 3581 1638 3638 ia
1654 3583 1718 3641 cod.
1731 3581 1844 3638 Manae.
1857 3581 1900 3639 89.
1919 3578 2031 3640 ttavt.
2048 3599 2079 3650 p.
2096 3579 2178 3636 teob.

1457 3709 1652 3812 ¹Omnibus
1673 3735 1821 3810 lecturis
1843 3732 1916 3810 itas
1943 3733 2074 3808 literas

1279 3877 1329 3964 S.
1354 3887 1401 3965 D.
1459 3889 1659 3982 Utrumque
1683 3887 1858 3980 praedixit
1879 3911 1948 3956 vox
1971 3885 2112 3970 diviua,
2142 3885 2180 3955 iu
2202 3881 2264 3956 hac

1280 3991 1447 4081 languida
1469 4004 1504 4062 et
1525 3991 1637 4060 delira
1657 3990 1785 4060 mundi
1805 4001 1945 4060 senecta
1969 4001 2004 4058 et
2027 3989 2167 4058 suturas
2193 4010 2265 4058 esse

1279 4115 1431 4164 maiores
1458 4092 1596 4181 generis
1621 4087 1769 4162 humaui
1788 4089 2031 4174 contusiones,
2062 4113 2168 4181 quam
2191 4089 2266 4160 lue-

1280 4210 1366 4266 runt
1379 4203 1498 4278 antea,
1523 4207 1688 4265 ettamen
1710 4193 1822 4262 lilium
1837 4189 1905 4262 Dei
1920 4192 2027 4262 etiarn
2042 4191 2136 4260 inter
2154 4190 2266 4283 impe-

1281 4321 1415 4366 rrornm
1438 4295 1561 4366 ruinas
1581 4307 1758 4366 aeternam
1783 4289 1980 4365 Ecclesiam
1999 4316 2083 4364 voce
2103 4289 2267 4382 Evange-

1282 4399 1341 4483 lii,
1381 4409 1415 4466 ct
1440 4421 1514 4466 nou
1541 4397 1662 4482 aliter,
1697 4395 1926 4466 collecturum
1955 4417 2040 4468 esse.
2098 4391 2178 4464 Hac
2204 4416 2266 4464 uos

1280 4515 1413 4570 erectos
1434 4522 1495 4592 spe
1516 4497 1630 4568 colere
1650 4497 1831 4566 doctrinae
1853 4496 1970 4568 studia
1986 4495 2095 4566 iubet.
2146 4495 2267 4586 Quare

1281 4604 1392 4694 pietas
1412 4625 1493 4670 cum
1509 4599 1659 4670 aliorum
1676 4599 1780 4668 laude
1797 4597 1902 4686 digna
1917 4609 1986 4682 est,
2011 4595 2075 4690 qui
2090 4591 2160 4668 hoc
2177 4597 2267 4670 tristi

1282 4717 1438 4793 tempore
1471 4702 1591 4770 literas
1619 4714 1654 4771 et
1681 4695 1857 4770 Ecclesiae
1887 4697 2087 4769 doctrinam
2114 4699 2266 4777 discunt,

1281 4819 1356 4875 tum
1382 4827 1465 4871 vero
1490 4815 1611 4872 eorum
1636 4801 1822 4892 praecipue
1848 4800 1961 4870 virtus
1982 4797 2059 4869 Deo
2085 4813 2184 4890 grata
2208 4813 2268 4882 est,

1281 4905 1342 5000 qui
1360 4927 1424 4974 uec
1438 4904 1531 4974 odiis
1546 4927 1611 4974 nec
1627 4903 1792 4996 periculis
1808 4903 2035 4992 tranguntur,
2060 4913 2103 4972 ut
2118 4901 2176 4996 pia
2194 4915 2267 4973 stu·

1280 5005 1531 5080 diaabiiciaut.
1622 5081 1626 5090 ,

1383 5107 1504 5195 Quare
1524 5101 1621 5176 hunc
1638 5098 1799 5175 Paulum
1818 5099 2057 5185 Bromeram‚
2085 5118 2210 5176 uatum
2227 5127 2267 5172 ex

1281 5203 1439 5281 honestis
1472 5195 1677 5302 parentibus
1700 5208 1739 5276 in
1761 5207 1893 5300 oppido
1917 5201 2089 5279 Rhaetiae
2110 5199 2268 5274 leandr-

242 5320 475 5419 triumplti
492 5315 681 5393 Christi
702 5310 1035 5386 adscendentis
1061 5313 1107 5384 in
1133 5333 1227 5383 cue·
1280 5308 1386 5406 berg,
1413 5313 1580 5382 omuibus
1597 5305 1754 5379 honestis
1771 5309 1857 5378 viris
1875 5309 2104 5392 commendo,
2129 5321 2267 5380 sectan-

242 5427 335 5498 lam
374 5432 616 5519 spectante
653 5426 780 5490 caetu
822 5413 1148 5514 apostoloram
1188 5423 1226 5484 et
1280 5429 1349 5484 tem
1379 5414 1494 5484 studia
1526 5433 1630 5482 verae
1651 5411 1928 5482 doctriuaenoa
1948 5409 2026 5480 sine
2046 5409 2264 5484 difficultate.
