4712 5828
623 251 1060 334 ualeronetsuu

900 441 931 504 1.
947 429 1033 516 sepe.

888 522 1059 552 w

77 257 146 332 666

87 429 150 502 uo.
163 376 277 506 soso.

84 529 291 570 Q

339 629 408 716 Io.
438 629 795 720 Ameterdamio.

141 809 221 864 Edita
244 808 273 862 io
294 807 410 862 Peuceri
427 815 505 862 tract.
522 805 584 862 bist.
609 825 637 880 p.
650 807 694 862 94.
742 807 846 862 lterum
866 827 880 862 a
899 806 1008 862 Perelio
1029 807 1059 862 in

174 877 295 948 epistolis
316 875 384 931 Mel.
404 875 437 932 661
454 875 639 948 Herdenberg.
657 896 700 948 ep.
713 875 755 934 57.
781 903 816 919 -·
857 875 969 932 Contuli
987 895 1057 948 apo·

172 945 296 1018 grepbon
309 944 449 1018 antiquiss.
461 946 490 1000 iu
503 945 566 1003 cod.
581 945 711 1018 cyprian.

76 1113 283 1192 Reverendo
303 1119 399 1202 viro,
425 1113 627 1190 eruditione
648 1129 679 1190 et
697 1117 827 1190 virtute
838 1119 1058 1217 praestanti,

77 1219 126 1292 D.
147 1218 331 1294 Ioanni
351 1216 715 1304 Amsterdamio,
760 1217 904 1292 docenti
924 1219 1058 1292 Evan-

76 1322 209 1418 gelium
242 1325 282 1394 in
306 1320 476 1394 Ecclesia
502 1319 715 1408 Bremensi,
754 1322 874 1394 amieo
904 1349 972 1394 suo
999 1347 1058 1394 co-

508 1421 628 1498 lenda.

79 1563 123 1648 S.
148 1577 194 1649 Ι).
244 1573 454 1648 Reverende
467 1575 524 1644 vir
540 1588 576 1646 et
591 1575 701 1647 amice
717 1575 905 1650 carissime.
946 1575 1057 1668 Saepe

77 1679 214 1751 intuens
235 1673 332 1748 hunc
344 1673 468 1748 Albim
484 1691 661 1764 nostrum,
684 1677 820 1768 cogito,
843 1703 917 1748 non
935 1677 964 1748 si
978 1691 1058 1748 tan-

76 1797 147 1852 tum
174 1781 363 1851 funderem
391 1779 445 1850 166
525 1801 625 1850 arum
654 1793 825 1874 qnantum
849 1774 909 1850 hic
927 1780 1057 1850 fluvius

77 1871 251 1952 undarum
271 1877 391 1963 vehit,
422 1803 600 1952 6111161661ιί
623 1879 925 1952 meumdolorem
945 1903 1058 1976 posse,

77 2007 176 2076 quem
194 1983 317 2054 multis
330 1983 433 2053 annis
447 1981 655 2053 circumfero
671 1983 710 2052 in
723 1995 864 2075 pectore
873 1979 901 2082 ¹)
914 1999 1058 2076 propter

77 2085 257 2155 dissidium
274 2087 318 2154 de
333 2109 440 2154 coena
456 2085 612 2166 domini,
632 2084 670 2154 in
684 2109 754 2178 quo
770 2097 841 2155 tam
856 2083 968 2155 multa
984 2085 1057 2155 dis-

77 2200 242 2278 putantur
265 2201 362 2258 extra
385 2211 535 2261 causam.
587 2183 630 2257 ln
653 2210 720 2257 usu
741 2210 823 2256 vere
846 2201 880 2258 66
892 2187 1056 2258 substan-

77 2289 200 2360 61611666
225 2289 324 2360 adest
337 2283 517 2374 Christus,
550 2301 585 2360 66
610 2305 662 2359 cst
677 2288 797 2358 efficax
816 2288 856 2356 in
872 2311 954 2358 vera
969 2305 1058 2358 cou-

78 2391 257 2462 solatione.
305 2388 381 2462 Cur
402 2403 592 2460 moventur
613 2390 863 2482 disputationis
885 2389 1057 2460 16166166-

78 2493 168 2562 sione
189 2505 288 2563 extra
311 2492 438 2564 usum?
495 2488 615 2562 Doceo
637 2493 758 2562 eadem
781 2516 871 2586 quae
891 2493 1059 2584 leguntur

77 2595 112 2662 in
130 2595 220 2666 meis
241 2593 398 2686 scriptis,
432 2608 466 2665 et
488 2593 526 2662 16
552 2617 627 2664 eam
648 2593 858 2664 sententiam
878 2595 947 2666 suit
967 2597 1056 2664 lacta

75 2699 224 2768 formula
248 2695 457 2766 concordiae
473 2690 505 2787 ²)
530 2709 611 2766 ante
635 2691 848 2788 annos16³)
870 2695 964 2767 inter
984 2693 1058 2766 Lu·
1095 2695 1100 2702 ”

76 2793 212 2870 therum
245 2811 281 2870 et
311 2797 443 2868 multos
466 2796 529 2892 qui
561 2822 603 2867 ex
617 2791 647 2892 ⁴)
672 2793 841 2868 Ecclesiis
866 2798 1058 2890 superioris

77 2897 286 2971 Germaniae
307 2893 379 2970 huc
401 2899 627 2974 advenerant.
678 2896 794 2970 Deum
817 2925 902 2986 oro,
930 2913 970 2970 ut
993 2923 1058 2969 nos

78 3025 194 3071 omnes
218 3002 402 3092 gubernet.
461 2997 493 3096 †
517 2998 629 3094 Spero
649 3001 724 3070 filio
748 3015 811 3071 tuo
835 3001 952 3072 studia
966 2996 1059 3080 Aca·

78 3105 208 3174 demine
226 3103 412 3194 profutura
426 3102 517 3174 esse”
531 3098 570 3198 ⁸).
620 3101 718 3172 Bene
736 3115 770 3172 et
783 3101 956 3174 foeliciter
972 3103 1058 3174 vale.

76 3201 216 3280 Calend.
235 3204 434 3298 Septembr.
485 3203 593 3277 Mitto
607 3205 674 3276 tibi
688 3203 841 3296 pagellas
856 3199 898 3298 8).

581 3319 769 3418 Philippus
782 3319 1007 3396 Melanthon.

76 3693 135 3768 No.
151 3693 268 3771 5660.

74 3789 281 3824 Μ

206 3889 208 3894 ’
270 3901 397 3989 llice.
425 3927 456 3985 a
486 3901 856 3991 Commerstaedt.

134 4061 426 4186 ΕΙ111111...1111111.ἒῖ
445 4057 839 4182 11111..1.1”ἶ1.611ῗ.111ῗῗ
841 4071 1060 4200 ’1116111111

168 4199 197 4254 6.
235 4197 322 4252 Etiam
341 4195 441 4268 legitur
452 4196 481 4250 iu
494 4193 656 4250 Declnmett.
669 4193 717 4252 lv.
739 4214 765 4265 p.
781 4198 839 4254 680.
858 4229 894 4242 -
929 4200 973 4256 De
985 4199 1057 4254 Pro-

169 4267 208 4324 cli
232 4267 304 4322 libro
326 4266 380 4320 vid.
397 4283 478 4339 supra
497 4283 540 4337 ep.
560 4265 587 4318 61.
602 4263 628 4318 61.
651 4265 799 4322 1611661.
818 4266 892 4324 1555.

926 3695 1057 3814 Q.

76 4413 302 4430 Ἥ

105 4506 128 4567 tt
144 4506 175 4556 r'n
189 4503 317 4570 pectore)
337 4497 414 4554 6616116
430 4498 492 4554 6661.
508 4496 637 4570 Cypriae.

101 4605 126 4672 Ξ)
144 4606 218 4662 facta
238 4601 421 4672 Witebergae
441 4599 519 4654 1536.

102 4707 128 4777 5)
152 4707 218 4762 Ρ66.
243 4705 374 4760 sedecim.
420 4701 498 4756 Solet
522 4699 679 4756 Melantbou
703 4719 790 4756 annos
815 4719 872 4754 666
898 4702 984 4758 literis
1008 4703 1054 4760 sed

133 4775 279 4856 numeris,
302 4783 329 4828 66
343 4773 452 4856 quidem
472 4788 529 4824 nou
548 4770 668 4850 romanis
683 4771 730 4825 6661
749 4771 910 4842 germanicis
927 4774 1055 4856 scribere.

134 4841 486 4981 11111111111111.
498 4843 556 4982 'ia
577 4845 728 4988 litte
731 4858 788 4972 ¹33⁰,
807 4839 889 4979 ida
900 4851 1057 4966 ’.111ἑῖ1

134 4933 187 5038 610
207 4980 383 5038 emendatum
403 4978 609 5034 661Ι1666666ι6
631 4924 678 5030 til

102 5083 130 5149 1)
147 5085 239 5140 Pena.
257 5080 348 5136 161666
373 5100 404 5134 ex
422 5080 484 5136 1111.

102 5187 326 5252 5161666666]
345 5181 519 5236 6666161666
537 5181 599 5235 libri
618 5181 748 5252 impressi.

102 5289 130 5356 6)
146 5287 236 5346 Ρ6666.
251 5285 344 5342 addite
368 5301 446 5338 anno
462 5282 538 5338 1552.
573 5283 604 5338 16
616 5281 711 5338 codice
725 5281 887 5351 adscriptum
902 5269 961 5336 esti
975 5301 1055 5338 anno
1084 5343 1085 5346 ,

136 5357 229 5424 1551,
254 5366 281 5410 66
299 5363 387 5422 66666,
418 5364 447 5407 ut
465 5349 627 5421 intelligitur
645 5369 675 5404 er
694 5351 804 5422 epistola
822 5351 855 5404 ad
874 5351 1055 5408 1166666166-

133 5427 212 5498 mom
234 5425 261 5480 d.
277 5415 322 5480 ¹29.
340 5427 415 5494 Aug.
434 5421 512 5478 1556.

75 5501 248 5572 Matreu.
274 5504 379 5571 0666.
405 5503 488 5566 Vos..
515 5495 608 5567 VllI.

1121 252 1228 332 LlB.
1253 253 1336 331 1111.
1389 251 1520 346 1564.
2029 263 2105 338 666

1111 415 1320 496 Carissimo
1347 421 1441 506 viro,
1481 421 1676 494 nobilitate
1697 428 1862 519 generiS,
1900 428 2102 504 eruditione

1112 533 1144 594 et
1177 524 1305 596 virtute
1338 524 1563 622 praestanti,
1604 522 1773 598 Deroino
1805 527 2099 629 Hieronymo

1112 651 1137 696 a
1176 619 1563 708 Commerstaedt,
1614 628 1651 702 S.
1682 630 1726 700 D.
1763 625 1966 732 Philippus
2007 631 2098 706 Me-

1519 721 1690 800 Ianthen.

1109 867 1350 951 Manifestum
1376 895 1446 966 est,
1485 880 1714 950 necessariam
1740 905 1814 955 csse
1839 877 2016 956 Ecclesiae
2040 891 2096 958 dei

1110 981 1198 1052 anni
1218 981 1409 1066 rationem,
1441 1005 1587 1075 eamque
1607 981 1805 1052 doctrinam
1825 983 1909 1054 inde
1925 1011 2037 1082 usque
2053 993 2098 1062 ab

1111 1083 1213 1154 initio
1237 1083 1375 1174 generis
1397 1077 1545 1153 humaui
1567 1083 1606 1151 in
1629 1083 1703 1153 sola
1723 1079 1881 1156 Ecclesia
1905 1091 2097 1162 rectissime

1110 1197 1352 1256 conservatam
1376 1198 1410 1254 et
1433 1199 1659 1277 propagatam
1682 1209 1766 1259 esse.
1818 1183 2010 1262 Constituit
2029 1219 2096 1264 vox

1110 1289 1231 1358 divina
1254 1299 1364 1356 metas
1384 1287 1470 1356 anni
1487 1301 1521 1357 et
1534 1287 1694 1356 attribuit
1712 1288 1894 1360 mensibus
1911 1291 2096 1364 distinctos

1062 1467 1065 1474 ¹
1110 1389 1200 1459 ritus
1215 1400 1389 1458 certarum
1405 1389 1700 1478 significationum
1720 1413 1834 1464 causa.
1885 1389 1975 1466 Erat
1989 1395 2097 1484 igitur

1110 1503 1144 1562 66
1165 1490 1357 1560 necessaria
1378 1505 1411 1560 66
1426 1491 1482 1582 pia
1501 1491 1703 1560 coelestium
1719 1505 1878 1562 motuum
1894 1496 2096 1568 considera-

1109 1591 1182 1678 tio,
1207 1617 1296 1686 quae
1317 1592 1514 1662 doctri-nam
1532 1587 1786 1662 arithmeticam
1803 1607 1835 1664 et
1849 1599 2095 1684 geometricam

1109 1693 1365 1786 complectitur.

1209 1839 1265 1914 Eo
1289 1843 1392 1914 etiam
1419 1843 1534 1914 voluit
1556 1845 1643 1914 deus
1666 1845 1748 1916 sciri
1771 1870 1945 1920 annorum
1960 1843 2096 1938 seriem,

1109 1961 1149 2018 ut
1173 1959 1256 2016 nota
1278 1959 1393 2016 essent
1419 1944 1522 2016 initia
1548 1947 1687 2036 generis
1712 1943 1879 2036 humani,
1910 1955 2096 2026 6661616616
2120 1965 2129 1982 ’

1109 2063 1267 2139 tempora
1282 2049 1555 2137 patefactionum
1568 2048 1782 2118 divinarum.
1825 2051 1989 2146 Denique
2002 2059 2096 2126 mul-

1110 2167 1164 2222 tae
1185 2171 1330 2240 magnae
1352 2173 1474 2220 causae
1493 2163 1597 2234 sunt,
1624 2173 1730 2244 quare
1748 2151 1919 2244 distingui
1938 2169 2095 2248 tempora

1110 2267 1144 2324 66
1157 2275 1346 2322 numerum
1363 2275 1540 2321 annorum
1556 2252 1719 2322 annotari
1735 2253 1861 2326 voluit.
1901 2253 1998 2326 Haec
2016 2283 2095 2328 cum

1108 2354 1180 2424 sint
1195 2353 1392 2438 verissima,
1416 2353 1469 2422 lui
1483 2349 1642 2422 hortator
1655 2352 1857 2424 iunioribus
1871 2359 1915 2426 ad
1930 2357 2097 2430 discenda

1109 2455 1212 2526 initia
1230 2451 1357 2526 harum
1373 2454 1520 2537 artium,
1545 2449 1786 2526 arithmeticae
1803 2470 1837 2526 et
1854 2459 2034 2530 doctrinae
2052 2467 2096 2530 de

1109 2582 1223 2638 anuo,
1255 2581 1363 2650 quae,
1398 2568 1436 2626 ut
1453 2553 1553 2626 Plato
1575 2556 1713 2648 inquit,
1738 2557 1887 2630 minime
1901 2577 2030 2633 nocent
2046 2565 2096 2632 ci-

1109 2660 1290 2731 vitatibus.
1348 2657 1477 2728 Fateor
1501 2657 1606 2726 etiam
1632 2681 1687 2726 me
1713 2660 1762 2728 sic
1788 2662 1938 2746 sentire,
1973 2664 2096 2734 utilem

1110 2783 1183 2832 esse
1200 2761 1376 2830 iuventuti
1396 2761 1433 2828 in
1453 2755 1609 2830 Ecclesia
1624 2759 1836 2832 mediocrem
1851 2757 2098 2856 philosophiae

1110 2862 1364 2952 cognitionem,
1399 2885 1488 2953 quae
1515 2885 1589 2930 non
1616 2861 1661 2930 sit
1682 2863 1822 2951 garrula
1844 2879 1879 2936 et
1901 2866 2018 2936 inanis
2039 2891 2097 2936 so-

1111 2959 1279 3054 phistica,
1312 2964 1373 3030 sed
1395 2975 1576 3056 utcunque
1598 2965 1749 3034 deducat
1769 2980 1903 3037 mentes
1918 2969 1964 3037 ad
1979 2970 2097 3039 cousi·

1111 3066 1329 3138 durationem
1344 3077 1508 3144 naturae,
1538 3078 1572 3135 et
1591 3065 1637 3134 sit
1651 3070 1943 3140 commonefactio
1958 3073 2003 3139 de
2018 3073 2098 3142 deo.

1110 3163 1286 3238 Existimo
1308 3166 1411 3236 etiam
1437 3167 1613 3236 neminem
1646 3169 1734 3237 adeo
1754 3170 1930 3252 insanire,
1955 3185 1996 3243 ut
2011 3174 2098 3243 velit

1112 3268 1197 3340 artis
1220 3268 1375 3338 medicae
1400 3268 1598 3339 doctrinam
1621 3269 1751 3355 deleri,
1783 3295 1872 3364 quae
1894 3286 1946 3344 est
1963 3275 2098 3364 praeci-

1112 3395 1180 3463 pua
1204 3393 1282 3463 pars
1305 3365 1559 3462 philosophiae.
1612 3368 1654 3440 ln
1678 3395 1716 3440 ea
1742 3385 1841 3462 parte
1864 3399 1943 3444 cum
1958 3377 2003 3446 de
2021 3399 2100 3446 cor-

1111 3496 1239 3566 porum
1264 3473 1352 3542 66661
1376 3472 1506 3542 dieitur
1520 3487 1554 3542 et
1571 3474 1614 3542 de
1630 3474 1722 3542 ae'ris
1737 3497 1777 3543 ac
1792 3475 1977 3565 regionum
1994 3479 2098 3546 dissi-

1111 3574 1335 3658 militudine,
1369 3573 1472 3642 etiam
1490 3571 1742 3663 Hippocrates,
1772 3572 1914 3646 Diocles
1939 3591 1973 3648 et
1989 3575 2098 3648 Gale-

1111 3697 1180 3746 nus
1196 3675 1371 3757 iudicant,
1399 3675 1492 3744 inter
1508 3697 1566 3743 eas
1580 3697 1712 3760 causas,
1735 3699 1825 3768 quae
1840 3678 1935 3747 varie
1949 3680 2098 3750 miscent
2126 3743 2130 3752 .

1111 3789 1403 3868 temperamenta,
1437 3797 1646 3846 concurrere
1668 3791 1786 3848 motus
1810 3780 1976 3850 coelestes
1992 3793 2027 3852 et
2040 3783 2098 3852 lu·

1110 3902 1193 3948 men
1215 3877 1407 3949 stellarum.
1464 3873 1513 3946 Et
1532 3890 1615 3946 suut
1642 3878 1717 3948 eius
1737 3879 1788 3948 rei
1812 3883 1923 3952 multa
1946 3882 2098 3952 illustria

1111 3979 1311 4052 testimonia
1327 3979 1364 4046 iu
1385 3979 1582 4062 elementis,
1608 3979 1646 4048 iu
1664 3979 1806 4070 plantis,
1834 3984 1872 4051 in
1890 3983 2097 4074 corporibus

1111 4077 1310 4152 hominum.
1361 4078 1440 4149 Hoc
1456 4105 1535 4150 cum
1552 4084 1750 4152 verecunde
1764 4083 1915 4152 dicimus
1929 4097 1963 4154 et
1976 4097 2096 4154 osten-

1110 4183 1243 4268 dimus,
1269 4182 1550 4252 consideratione
1572 4195 1733 4253 motuum
1752 4185 1952 4253 confirmari
1969 4186 2097 4255 adsen-

1110 4286 1244 4356 sionem
1261 4286 1305 4356 de
1320 4285 1561 4374 providentia,
1586 4296 1750 4352 accusant
1768 4308 1834 4354 nos
1853 4287 1998 4379 quidam
2015 4311 2095 4378 μω-

1109 4380 1261 4480 ρόκακοι
1292 4387 1456 4456 atrociter
1484 4409 1524 4454 ac
1550 4385 1810 4472 vociferantur,
1852 4411 1918 4458 nos
1944 4389 2095 4458 invitare

1108 4484 1297 4558 hominum
1329 4486 1445 4556 studia
1479 4487 1524 4554 661
1547 4488 1766 4579 quaerendas
1788 4489 1971 4559 damnatas
1992 4513 2095 4582 prae-

1108 4588 1290 4658 dictiones.
1343 4583 1433 4656 Cum
1466 4599 1582 4656 autem
1617 4583 1710 4656 hanc
1741 4589 1964 4662 manifestam
1996 4591 2095 4662 calu-

1107 4689 1242 4758 mniam
1262 4711 1365 4778 saepe
1379 4688 1649 4758 salutaverimus
1665 4703 1699 4759 et
1712 4689 1840 4760 diserte
1854 4693 2093 4763 discernamus

1108 4785 1269 4884 physicas
1296 4789 1496 4860 affectiones
1519 4791 1558 4859 in
1579 4793 1788 4881 corporibus
1810 4793 1855 4862 ab
1880 4793 1960 4864 aliis
1981 4795 2093 4865 causis

1108 4892 1287 4962 actionum
1305 4903 1340 4960 ct
1361 4905 1552 4962 eventuum
1572 4907 1605 4962 66
1624 4893 1978 4984 apraedictionibus,
2002 4918 2092 4989 quae

1107 5017 1182 5064 non
1199 5005 1283 5069 sunt
1304 4987 1486 5087 physicae,
1519 5007 1554 5064 et
1575 4987 1778 5080 hortemur,
1811 5009 1852 5066 nt
1873 4997 2092 5068 considerata

1107 5095 1310 5164 infirmitate
1333 5089 1487 5164 humana
1513 5105 1635 5186 petant
1661 5117 1783 5166 omnes
1807 5098 1882 5186 regi
1907 5121 1943 5168 sc
1968 5121 1989 5168 a
2014 5099 2092 5183 deo,

1106 5220 1180 5266 non
1203 5217 1341 5266 necesse
1363 5209 1434 5279 est,
1468 5218 1566 5265 nunc
1587 5211 1744 5288 repetere
1762 5211 1899 5268 nostras
1914 5200 2091 5270 defensio-

1105 5321 1179 5372 nes.
1230 5294 1421 5386 Indulgent
1439 5296 1531 5368 odiis
1555 5298 1633 5384 isti,
1658 5323 1723 5368 nec
1746 5299 1933 5390 plectimur
1948 5323 2013 5371 nos
2027 5295 2089 5374 6661

1104 5395 1173 5492 τὴν
1188 5393 1303 5480 noddo
1316 5391 1407 5494 πρὸς
1419 5389 1538 5490 λύραν
1556 5394 1755 5494 ἁμαρτίαν.
