4688 5816
246 222 322 304 669
813 221 1246 316 tetstottttuu
1294 225 1400 302 LlB.
1427 225 1521 304 XII.
1575 227 1709 307 1666.
2208 227 2275 302 660

249 401 375 474 didicit
390 421 509 470 verani
527 399 794 494 aequalitatem,
818 413 860 472 ut
875 403 1041 494 prodesse
1057 381 1239 470 communi
1290 391 1486 494 ψεύδεται,
1514 395 1577 474 καὶ
1598 396 1693 497 φασὶ
1713 395 1781 474 τὸν
1801 396 1956 498 βασιλέα
1980 393 2220 500 γηράσκοντα
2234 391 2277 490 Ἷ,

251 505 342 574 vitae
358 504 395 572 in
410 503 552 572 iudiciis
566 517 600 573 et
615 502 654 571 in
669 503 925 592 gubernatione
939 504 1053 574 civilis
1067 499 1242 571 societatis
1292 495 1415 596 ὥσπερ
1436 497 1456 574 ὃ
1475 495 1597 576 σόλων
1611 499 1694 598 περὶ
1709 501 1847 576 ἑαυτοῦ
1860 497 2016 604 γράφει,
2040 507 2186 594 μᾶλλον
2201 497 2278 593 ἥδε·

251 605 371 698 possit.
422 601 584 698 Cumque
607 615 642 674 et
666 628 686 674 a
709 602 786 674 Deo
808 620 954 676 ornatus
976 606 1021 675 sit
1043 601 1188 694 ingenio
1209 615 1243 672 et
1292 601 1386 673 adae
1401 604 1503 699 οἴνῳ.
1555 605 1626 676 Sed
1641 628 1743 696 spero
1760 603 1875 676 Deum
1893 605 2045 697 gemitus
2062 617 2146 674 tuae
2163 599 2279 672 Eccle-

250 706 437 788 facundia,
465 705 594 796 poterit
608 705 689 775 usui
710 719 744 775 et
757 721 965 777 ornamento
982 730 1054 776 esse
1071 703 1242 794 reipubli-
1292 705 1362 772 siae
1378 705 1609 790 domesticae,
1636 721 1670 776 et
1686 707 1857 778 similium
1875 708 2124 776 exauditurum
2140 728 2225 782 esse,
2250 717 2281 772 et

252 832 322 884 cae.
350 805 470 896 Quare
483 801 789 879 buncNt'eolaam
805 809 971 878 anavibus
986 803 1143 878 honestis
1157 804 1243 873 viris
1293 809 1693 897 poenasmitigaturum.
1738 807 1838 878 Bene
1853 822 1888 880 et
1902 809 2055 878 feliciter
2070 809 2160 880 vale.
2202 805 2281 877 Ser·

252 911 458 1006 praesertim
482 909 521 977 in
545 909 657 999 patria
681 913 910 995 commendo,
936 925 971 980 et
995 934 1077 994 oro,
1103 921 1143 978 ut
1163 931 1242 976 eum
1294 923 1351 978 vet
1365 909 1457 979 lilius
1472 909 1538 980 Dei
1553 923 1587 980 te
1603 925 1638 982 et
1656 925 1747 986 tuos.
1797 909 1866 982 Die
1882 911 1992 981 natali
2007 907 2205 980 Ciceronis.

253 1013 298 1084 ad
316 1013 455 1083 labores
469 1005 637 1082 honestos
652 1010 815 1104 publicae
832 1011 1099 1102 gubernationis
1115 1032 1240 1100 prove-

254 1110 355 1184 hant.
402 1111 476 1182 Nec
499 1113 642 1196 dubito,
669 1113 707 1180 in
733 1135 774 1182 eo
799 1115 974 1207 tyrocinio
998 1112 1114 1184 statim
1133 1109 1245 1201 ipsius

255 1215 459 1306 ingenium,
485 1214 739 1298 eruditionem,
764 1213 870 1283 fidem
886 1230 920 1284 et
940 1213 1151 1284 industriam
1166 1211 1244 1280 lau-

257 1311 403 1390 daturos
417 1338 500 1385 esse.
541 1313 703 1387 Profecto
717 1329 833 1384 autem
851 1315 1043 1386 necessaria
1060 1311 1243 1402 diligentia

257 1435 308 1492 est
334 1420 372 1488 in
392 1418 708 1507 gubernatoribus,
735 1416 863 1508 eligere
880 1420 973 1488 bona
998 1417 1157 1506 iugeuia;
1184 1415 1244 1483 sed
1295 1390 1362 1466 ΝΟ·
1379 1390 1500 1466 591οῑ

257 1522 307 1593 ita
322 1533 461 1592 tantum
475 1519 614 1590 labores
629 1514 778 1587 humani
793 1521 909 1589 felices
922 1533 1016 1604 sunt,
1038 1543 1117 1588 cum
1133 1541 1152 1584 a
1168 1513 1244 1584 Deo

258 1624 484 1696 adiuvantur.
521 1617 641 1708 Quare
659 1621 771 1688 fitium
782 1619 861 1702 Dei,
881 1622 1066 1690 dominum
1083 1631 1244 1688 nostrum

258 1723 289 1800 I.
303 1721 362 1816 C.,
390 1724 500 1792 solem
518 1722 683 1804 iustitiae,
709 1745 783 1806 oro,
808 1737 848 1794 ut
865 1737 977 1792 totum
996 1723 1090 1792 vitae
1105 1743 1245 1788 cursum

259 1823 367 1898 buius
375 1820 533 1898 Nicetes·
542 1825 714 1914 gubernet
722 1837 755 1892 et
763 1825 867 1895 iaciat
876 1849 956 1900 cum
971 1827 1100 1904 σκεῦος
1115 1817 1246 1904 ἐλέους,

260 1943 295 2000 et
321 1951 481 2019 organon
504 1928 656 1996 salutare
681 1949 765 1996 suae
788 1929 927 1996 animae
950 1937 984 1996 et
1012 1925 1092 1996 aliis
1115 1921 1248 1993 multis.

260 2027 534 2103 DataeCalend.
551 2025 728 2114 lanuarii,
753 2051 847 2098 anno
870 2023 979 2100 1556.

992 2123 1088 2200 Pbil.
1114 2123 1202 2195 Mel.

1026 2255 1074 2302 m.
1091 2251 1169 2319 ppt.

274 2601 343 2676 No.
357 2597 474 2680 5909.

269 2700 483 2739 w

1123 2611 1157 2673 2.
1175 2601 1239 2666 lan.

1110 2695 1251 2725 Μ

535 2801 687 2893 lauch.
714 2802 994 2892 Canterario.

336 2985 467 3064 naua
481 2983 588 3044 aaa.
607 3003 633 3058 p.
645 2983 706 3041 sss.
725 2983 778 3054 aa.
792 2983 882 3039 usna.
898 2982 947 3038 us.
960 2980 1009 3038 ιν.
1027 3002 1072 3058 ψ.
1086 2982 1169 3054 εει).

267 3143 493 3224 Clarissima
515 3141 593 3214 viro
615 3139 818 3214 eruditione
840 3149 871 3210 et
898 3139 1027 3212 virtute
1047 3142 1258 3238 praestanti

318 3248 347 3322 I
352 3243 560 3320 oaehimo
584 3233 757 3318 Camer.
775 3240 904 3341 fratri
916 3267 984 3312 suo
1001 3241 1207 3332 carissimo,

269 3384 319 3475 S.
344 3397 389 3470 D.
440 3391 672 3467 Accessissem
695 3393 740 3459 ad
766 3413 844 3474 vos,
871 3387 899 3456 si
923 3413 1046 3458 currus
1068 3413 1185 3475 meus,
1216 3403 1257 3460 ut

268 3503 455 3584 iusseram,
488 3495 637 3566 refectus
658 3492 797 3570 suisset,
831 3515 1032 3582 quanquam
1052 3503 1085 3560 et
1101 3491 1256 3562 doctoris

267 3597 472 3676 Laurentii
490 3595 681 3688 expectatio
704 3587 875 3662 nonnihil
896 3615 952 3660 me
978 3591 1135 3667 retinuit.
1185 3589 1256 3662 Ia-

146 3743 150 3750 ·
271 3703 379 3776 cobus
394 3697 434 3797 ¹')
456 3701 674 3770 Pomeranus
690 3695 872 3786 epistolam
895 3693 1020 3778 mittit,
1047 3717 1152 3786 quam
1172 3691 1256 3765 huic

269 3822 392 3878 nostro
413 3800 568 3874 auditori
589 3797 740 3882 tradidi,
774 3789 862 3863 mihi
887 3793 1058 3882 significat
1082 3795 1257 3866 diiudica-

269 3909 404 3982 tionem
426 3915 584 3974 nostram
599 3898 737 3994 Synodi
759 3897 935 3986 suffragiis
948 3899 1041 3987 apud
1059 3919 1141 3966 suos
1158 3921 1256 3966 coru-

268 4011 453 4104 probatam
470 4025 563 4088 esse,
585 4015 620 4071 et
637 3995 833 4097 Artapeum
849 3997 989 4067 cessisse
1004 3995 1141 4091 Synodi
1160 3999 1257 4068 iudi-

270 4115 344 4197 cio,
376 4109 438 4204 qui
461 4107 604 4175 videtur
623 4099 715 4172 mibi
737 4123 811 4169 non
834 4097 1016 4168 dissimilis
1032 4091 1256 4173 Culmanno.

269 4209 427 4286 Meuius
452 4205 701 4278 candidissime
724 4201 907 4296 probavit,
939 4221 1005 4268 nec
1030 4225 1112 4270 vcro
1135 4203 1257 4271 audivi

269 4317 315 4388 ab
333 4315 407 4386 ullo
428 4322 583 4382 taxatum
606 4330 690 4383 esse.
744 4303 803 4376 Tu
818 4301 935 4396 siquid
959 4301 1126 4374 audivisti
1145 4303 1258 4392 signi-

294 4439 361 4490 ces.

268 4419 291 4497 fi
344 4513 472 4588 Edidit
486 4503 699 4610 Staphylus
714 4505 971 4578 atrocissimum
987 4503 1157 4595 scriptum
1171 4529 1257 4576 con-

267 4637 322 4695 tra
351 4615 527 4690 Ecclesiae
556 4626 712 4692 nostras,
751 4621 889 4678 tantum
919 4603 1148 4676 declamitans
1174 4602 1257 4703 περὶ

268 4715 468 4818 ἀναρχίας,
495 4739 567 4812 quo
586 4713 625 4782 in
640 4733 767 4802 genere
781 4708 849 4779 seis
868 4732 934 4779 nec
947 4707 1075 4788 verba,
1101 4732 1166 4778 nec
1180 4733 1256 4780 ma-

2034 1023 2236 1128 Philippus.

2099 1400 2285 1522 Q

1585 1591 1636 1680 G.
1665 1591 1994 1684 Buchleotzero.

1365 1775 1385 1836 †
1402 1767 1440 1822 Er
1454 1784 1550 1840 apogr.
1563 1765 1592 1822 in
1605 1767 1668 1822 cod.
1680 1767 1766 1824 Paris.
1783 1769 1821 1826 D.
1831 1767 1863 1826 b.
1879 1769 1913 1824 54
1922 1775 1947 1826 ¹.

1302 1489 1473 1516 NON

1507 1921 1712 2021 Georgia
1740 1922 2082 2002 Bucltdolzera.

1302 2059 1348 2148 S.
1374 2071 1419 2145 D.
1471 2075 1681 2146 Venerando
1696 2079 1752 2147 vir
1769 2093 1803 2150 et
1817 2081 1935 2154 cariss.
1953 2083 2073 2158 trater.
2126 2078 2286 2174 Evange-

1302 2178 1390 2246 lium
1414 2190 1465 2246 est
1486 2180 1641 2268 potentia
1663 2181 1733 2249 Dei
1758 2183 1803 2250 ad
1826 2182 1974 2252 salutem
1999 2184 2099 2254 omni
2121 2187 2286 2260 eredenti.

1303 2277 1395 2346 Tota
1420 2279 1527 2368 igitur
1550 2281 1719 2352 divinitas
1738 2305 1818 2351 vere
1835 2285 1951 2370 adest,
1983 2299 2017 2356 et
2043 2300 2095 2356 est
2116 2287 2239 2358 efficax
2254 2289 2288 2356 in

1303 2379 1469 2450 omnibus
1502 2383 1670 2470 gradibus
1700 2381 1910 2471 ministerii,
1948 2385 2113 2460 videlicet
2144 2405 2288 2460 sonante

1304 2505 1390 2550 voce
1413 2477 1600 2570 Evangelii
1631 2499 1665 2554 et
1693 2485 1730 2554 in
1753 2509 1819 2554 usu
1847 2485 2173 2560 sacramentorum.
2226 2490 2288 2562 Sed

1304 2583 1393 2652 ordo
1408 2585 1661 2658 consideretur.
1713 2585 1826 2656 Filius
1851 2589 1985 2678 prolert
1998 2585 2238 2682 Evangelium
2254 2617 2289 2662 er

1305 2685 1387 2754 sinu
1413 2686 1546 2754 aeterni
1567 2687 1674 2778 patris
1695 2701 1730 2758 et
1744 2689 1899 2760 ostendit
1915 2703 2063 2782 patrem.
2116 2691 2169 2762 lta
2189 2695 2289 2764 simul

1305 2789 1403 2855 adest
1433 2801 1531 2876 pater
1554 2801 1589 2856 et
1618 2813 1681 2879 per
1703 2789 1816 2858 filium
1839 2793 1899 2862 dat
1930 2793 2096 2885 spiritum
2120 2811 2290 2870 sanctum.

1305 2885 1401 2956 Haec
1423 2889 1491 2978 piis
1515 2890 1682 2959 omnibus
1704 2891 1896 2962 certissima
1918 2907 2012 2968 sunt.
2062 2891 2111 2966 Et
2129 2897 2221 2966 utile
2236 2911 2290 2980 est,

1305 2989 1526 3059 considerare
1552 2993 1763 3060 descrimine
1791 2995 1900 3086 patris
1935 3009 1968 3066 et
1996 2995 2061 3064 filii
2087 3011 2120 3066 et
2149 2999 2290 3090 spiritus

1305 3083 1435 3176 sancti,
1467 3093 1656 3184 dequibus
1680 3094 1717 3161 in
1736 3089 1907 3164 Examine
1925 3097 2059 3190 aliquid
2081 3099 2170 3173 dixi.
2225 3099 2290 3170 Nec

1306 3193 1425 3281 negari
1446 3205 1580 3284 potest,
1622 3195 1737 3286 ipsum
1763 3195 1875 3265 filium
1898 3201 2019 3268 adesse
2043 3199 2082 3268 in
2105 3202 2290 3292 baptismo,

1306 3295 1388 3388 quia
1414 3317 1572 3386 expresse
1605 3297 1751 3365 dicitur:
1786 3297 1970 3390 baptisabo
2004 3323 2072 3388 vos
2099 3301 2140 3372 in
2168 3303 2291 3394 spiritu

1305 3407 1425 3464 sancto
1446 3409 1479 3466 et
1493 3395 1578 3485 igni.
1611 3393 1657 3468 Et
1670 3398 1848 3470 invocatio
1864 3401 1993 3491 patris,
2018 3401 2084 3472 lilii
2100 3417 2135 3474 et
2150 3407 2291 3497 spiritus

1305 3496 1418 3566 sancti
1442 3497 1480 3566 in
1504 3497 1679 3589 baptismo
1701 3499 1943 3572 testimonium
1959 3516 2010 3574 est
2023 3504 2069 3573 de
2088 3506 2291 3596 praesentia

1306 3597 1376 3668 Sed
1391 3599 1599 3690 interrogas:
1630 3601 1810 3670 Eodemne
1824 3606 1931 3674 modo
1944 3608 2044 3675 adest
2059 3605 2097 3675 in
2120 3608 2291 3698 baptismo

1308 3699 1397 3770 etin
1420 3701 1661 3771 coenafilius?
1685 3699 1913 3794 Respondeas
1941 3708 2037 3800 quod
2062 3708 2105 3778 ad
2132 3709 2291 3780 effectum

1305 3801 1432 3871 attinet
1445 3805 1542 3872 adest
1557 3803 1724 3874 divinitas
1749 3808 1870 3875 eodem
1886 3809 1994 3878 modo
2009 3823 2159 3879 sonante
2174 3807 2293 3880 Evan-

1306 3903 1397 3992 gelio
1414 3903 1501 3973 etin
1518 3929 1584 3974 usu
1601 3923 1917 3994 sacramentorum,
1943 3911 2004 3978 sed
2020 3911 2147 3980 modus
2163 3929 2292 3982 utcun-

1306 4028 1375 4096 que
1389 4005 1541 4073 discerni
1559 4019 1683 4098 potest.
1725 4005 1767 4076 ln
1784 4011 1958 4100 baptismo
1974 4013 2072 4082 adest
2085 4011 2181 4082 filius
2196 4027 2235 4084 ut
2250 4013 2292 4082 ad

1307 4107 1626 4194 regenerationem,
1653 4109 1689 4176 in
1710 4134 1839 4195 coena,
1862 4125 1902 4181 ut
1916 4113 1958 4179 ad
1976 4113 2090 4182 renati
2105 4115 2292 4184 confirma·

1305 4207 1439 4276 tionem
1456 4233 1516 4278 seu
1533 4209 1817 4296 nutricationem,
1839 4213 1958 4306 inqua
1976 4227 2133 4299 testatur,
2156 4239 2195 4284 se
2207 4217 2293 4286 assi-

1306 4309 1375 4376 due
1390 4310 1428 4376 in
1445 4311 1549 4379 nobis
1568 4323 1604 4380 ut
1626 4311 1664 4378 in
1682 4313 1849 4382 membris
1864 4314 1936 4384 suis
1951 4315 2125 4384 efficacem
2143 4341 2237 4404 esse,
2263 4331 2294 4388 et

1307 4431 1373 4478 nos
1399 4411 1512 4479 lacere
1535 4412 1604 4482 sibi
1627 4413 1783 4482 membra
1792 4439 1801 4500 3
1843 4415 1938 4489 sieut
1956 4417 2088 4510 inquit:
2128 4442 2193 4508 ego
2217 4441 2292 4490 sum

1307 4511 1406 4592 vitis,
1439 4535 1503 4581 vos
1528 4515 1697 4605 palmites.
1750 4511 1803 4586 Ac
1828 4517 1956 4610 loquor
1972 4520 2016 4586 de
2040 4521 2239 4609 praesentia
2256 4521 2292 4589 in

1305 4625 1476 4682 sumente.
1526 4611 1627 4684 Nihil
1650 4615 1744 4684 enirn
1768 4612 1874 4688 babet
1891 4619 2062 4688 rationem
2084 4622 2292 4692 sacramenti

1305 4727 1399 4782 extra
1422 4737 1524 4784 usum
1542 4715 1756 4788 institutum.
1809 4717 1992 4794 Removeo
2014 4717 2290 4818 ἅρτολατρείσν.

267 4825 393 4901 teriam
411 4825 546 4904 deesse,
571 4840 637 4886 nec
657 4804 784 4904 πάθη,
818 4809 924 4880 etiam
942 4807 1106 4884 intantib.
1123 4823 1156 4880 ct
1178 4809 1257 4879 len·
1303 4811 1554 4886 Eruditissime
1576 4815 1708 4889 Paulus
1736 4819 1870 4914 inquit:
1913 4822 2016 4913 panis
2039 4835 2095 4894 est
2114 4819 2290 4896 κοινωνία

267 4929 324 5000 tis.
373 4919 633 4996 Communibus
654 4911 784 4987 hostib.
800 4923 951 5004 parcunt
974 4905 1010 4980 ai
1031 4904 1256 5005 πολυφήμου
1305 4909 1494 5007 σώματος,
1522 4943 1594 5012 quo
1615 4921 1710 4991 dicto
1730 4921 1897 4992 affirmat:
1933 4938 2031 4993 extra
2054 4927 2291 5017 sumptionem

260 5023 352 5113 οἷοὶ,
374 5049 440 5096 nos
456 5025 609 5094 lacerare
625 5016 885 5088 nondesinunt.
913 5011 1051 5081 Tuscos
1066 5015 1256 5100 procedere
1305 5042 1430 5108 panem
1454 5043 1530 5089 non
1556 5017 1687 5091 babere
1709 5023 1885 5094 rationem
1913 5027 2145 5111 sacramenti,
2177 5029 2289 5098 sedin

221 5147 226 5184 t
265 5127 505 5202 inPannonia
524 5133 678 5203 certum,
703 5119 836 5190 interea
855 5107 933 5210 ἧλος
950 5107 1015 5186 καὶ
1035 5105 1171 5205 μεθύει
1192 5110 1256 5187 καὶ
1304 5119 1380 5212 ipsa
1404 5121 1726 5196 communicatione
1748 5125 1877 5218 pignus
1897 5150 1990 5210 esse,
2014 5151 2086 5222 quo
2105 5127 2291 5202 inserimur

267 5305 496 5326 Μ

292 5407 323 5480 ε)
343 5407 475 5482 nuspa.
1335 5389 1600 5461 trememtem.
