4714 5832
259 199 313 316 os
843 188 1285 274 nrrsronanen
1335 195 1548 276 marn
1600 195 1732 281 reae.
1868 293 1870 296 ,
2232 203 2276 276 aa

261 376 384 472 parts·
410 373 512 448 -Bene
535 373 625 447 vale.
673 367 757 442 Non
780 369 953 440 allocutus
975 383 1026 444 est
1044 389 1102 442 nte
1124 367 1180 440 vir
1204 368 1249 439 de
1413 369 1519 444 Nunc
1533 374 1636 446 mitto
1650 371 1865 448 Celsitudini
1887 389 2021 450 vestm
2042 377 2196 470 pagellae
2209 401 2277 448 ors·

264 503 335 574 quo
351 479 487 555 scribis.
537 475 606 550 Die
624 474 682 548 19.
698 471 812 560 Maii,
839 470 948 549 1555.
1302 474 1411 546 tionis
1426 476 1590 550 recitatae
1604 477 1643 546 in
1659 478 1927 550 renunciatione
1944 480 2080 572 publici
2097 479 2278 552 testimonii

926 649 935 658 ,
1302 573 1729 674 Doctoriscuiusdam*).
2343 647 2344 652 ,

516 704 715 776 <Appendices
730 706 835 760 Manto
849 704 996 771 auteurs.)
1405 677 1513 750 Mitto
1539 681 1577 748 in
1603 683 1737 772 pagella
1766 681 1874 752 altera
1902 695 1937 754 et
1959 683 2223 754 annotationem
2244 685 2280 752 de

1303 783 1458 850 sectando
1475 782 1588 870 capite
1604 784 1643 852 in
1659 779 1779 865 Actia,
1795 785 1889 874 quod
1907 785 1944 852 in
1963 779 2030 854 hoc
2046 786 2136 858 festo
2151 785 2279 874 publice

1305 881 1442 970 legitur.
1495 881 1606 974 Spero
1616 880 1829 958 Celsitudini
1840 883 1983 956 Vestrae
1996 881 2087 956 hanc
2103 886 2280 956 lectionem

1305 1006 1378 1052 non
1396 983 1579 1054 insuavem
1596 987 1682 1058 fore.
2343 1011 2344 1080 i

1407 1083 1491 1156 Mea
1507 1087 1633 1156 misera
1645 1086 1775 1156 coniux
1790 1087 1838 1154 ita
1855 1086 2009 1158 luctatur
2024 1087 2189 1180 quotidie
2212 1111 2281 1158 curn
2343 1107 2344 1132 1

1304 1198 1435 1270 morte,
1460 1201 1502 1258 ut
1525 1187 1569 1256 ab
1587 1211 1627 1256 ea
1642 1189 1822 1258 discedere
1843 1211 1916 1258 non
1934 1189 2077 1280 possim.
2129 1185 2205 1258 lltsi
2228 1213 2282 1256 au-

1306 1301 1374 1356 tem
1399 1289 1703 1360 commiseratione
1727 1290 1831 1359 valde
1853 1291 2053 1374 excrucior,
2085 1304 2206 1360 tamen
2225 1285 2283 1358 boc

372 1429 528 1518 Quidam
550 1441 670 1519 pasto,
691 1440 922 1513 contemnens
941 1417 1193 1511 hocscrppmm
1210 1416 1254 1490 D·
1306 1383 1396 1458 mihi
1416 1390 1575 1508 dolorem
1599 1391 1708 1474 lenit,
1733 1393 1827 1484 quod
1848 1415 1947 1508 mens
1972 1391 2085 1482 ipsine
2107 1405 2142 1462 et
2161 1393 2284 1479 integra

268 1530 429 1624 Philippi
468 1531 618 1601 duxitin
633 1553 779 1612 uxorem
796 1527 904 1594 filiam
920 1523 1053 1594 sororis
1068 1547 1151 1592 suae
1168 1545 1254 1588 con·
1306 1503 1341 1560 ²²
1366 1493 1556 1610 immun-³
1579 1506 1651 1610 ⁰⁵²3
1691 1506 1725 1560 ⁰¹
1749 1515 1851 1610 ³²¹·fll’e
1871 1493 2011 1610 dffissflff
2037 1493 2286 1609 101111011ῧο11ξὸ
2343 1503 2344 1530 ’

205 1651 208 1656 ·
269 1635 363 1725 pugi,
385 1585 556 1705 mo'rpuag
621 1629 691 1702 geg
716 1629 812 1699 Deus
843 1639 1008 1696 executor
1041 1647 1124 1694 ,uae
1158 1621 1256 1712 legis,
1306 1605 1617 1664 recitatetmrscet
1638 1607 1911 1664 rnvocauonem.
1961 1592 2076 1664 Filius
2100 1593 2171 1664 Dei
2193 1608 2284 1664 restr—

270 1734 367 1808 hunc
384 1747 624 1824 contemptum
647 1731 799 1822 punivit·
850 1723 970 1798 prima
994 1739 1097 1796 nocte
1119 1749 1199 1794 cum
1224 1725 1255 1791 ,i
1308 1707 1405 1762 tutor
1425 1695 1517 1764 vitae
1541 1707 1725 1766 conservet
1750 1717 1847 1780 eam,
1881 1709 1916 1766 et
1941 1709 2039 1784 regat
2065 1718 2131 1768 nos
2164 1719 2285 1766 ornnes.
2343 1691 2344 1720 l

270 1863 337 1934 pro
352 1859 450 1906 more
474 1836 578 1905 solito
597 1855 760 1924 sponsam
780 1831 1015 1912 adducerent,
1039 1825 1193 1919 paralysi
1219 1825 1256 1891 in
1307 1792 1404 1864 ΒΜ
1427 1809 1463 1864 el
1483 1797 1656 1918 s⁰fi¹i⁰l¹⁰¹
1677 1798 1791 1868 ‘'³¹²³st
1815 1795 1908 1872 0²¹⁵·
1931 1795 1975 1872 V·
2033 1796 2211 1868 P⁰⁵l¹idle
2232 1799 2286 1888 ili

272 1944 415 2012 dextero
445 1937 553 2005 latere
574 1935 739 2004 laborare
757 1932 926 2022 incoepit.
986 1929 1068 2019 Quo
1102 1927 1257 2018 denique
1308 1917 1568 1991 “mimmii-
1675 1979 1679 1986 ,

269 2043 398 2112 morbo
423 2038 511 2107 adeo
533 2037 736 2106 debilitatus
759 2047 829 2119 est,
852 2047 892 2103 ut
909 2033 1058 2122 septimo
1084 2029 1143 2098 die
1161 2053 1256 2096 com·
1631 2040 1751 2118 (ζώῃ.
1769 2069 1803 2118 v·
1819 2044 1980 2114 addictus

272 2143 433 2236 putando
460 2163 480 2208 a
506 2138 640 2228 nuptiis
665 2148 894 2207 moereretur.
951 2133 1030 2202 Hoc
1060 2130 1257 2219 exemplum
2040 2139 2241 2238 Philippus·

273 2244 440 2316 omnibus
453 2241 498 2310 sit
513 2240 753 2333 propositum,
777 2262 822 2306 ne
843 2249 959 2326 spreto
983 2237 1152 2302 mandato
1167 2229 1258 2300 divi·

273 2372 344 2431 no,
369 2359 499 2415 temere
513 2343 643 2413 ducant
659 2363 785 2411 uxores
803 2351 925 2410 contra
941 2339 1070 2428 gradus
1086 2333 1258 2405 divinitus
1323 2370 1916 2384 -—---—----------
1948 2369 2293 2380 ---..,--..-

276 2443 483 2542 prohibitas.

211 831 218 848 ⁸
264 857 352 925 Hunc
367 870 540 942 sequentem
556 858 814 932 adhortationem,
841 868 870 914 et
888 854 1137 926 declarationem,
1165 867 1251 930 prae-

266 962 397 1022 cedentis
419 964 562 1041 epistolae
585 964 750 1020 narrationi
773 957 956 1018 venerandus
981 959 1026 1015 rir
1043 951 1084 1015 D.
1104 949 1252 1026 Georgius

267 1061 473 1140 Bueblmlzer,
499 1068 687 1144 praepositus
708 1075 737 1122 et
761 1061 948 1121 fidelissimus
969 1059 1052 1118 verbi
1067 1051 1125 1116 Dei
1141 1074 1253 1136 prope-

269 1178 353 1246 gator
376 1169 409 1226 in
423 1161 556 1226 Ecclesia
570 1163 757 1242 Berlinensi,
785 1163 881 1248 deque
905 1173 969 1222 tota
993 1158 1118 1221 cohorte
1134 1155 1252 1216 schola-

293 1271 437 1329 sticorum
450 1271 525 1328 bene
541 1272 683 1346 meritus,
698 1267 822 1342 adiecit,
838 1263 886 1324 his
902 1263 1095 1346 sequentibus
1111 1261 1227 1320 verbis:

1313 2528 1505 2606 No.5596.
2115 2545 2164 2610 24
2194 2539 2273 2602 aaa

1314 2627 1483 2660 m
2081 2631 2287 2667 Μ

1576 2729 1727 2818 Incola.
1761 2727 2039 2817 Cuneerurio.

1383 2889 1468 2961 Epist.
1482 2890 1661 2944 adCarnerar.
1676 2909 1703 2962 p.
1712 2891 1761 2945 721
1776 2911 1817 2964 sq.
1834 2892 1887 2960 (ed.
1903 2891 1991 2950 Lond.
2007 2893 2052 2948 lib.
2062 2896 2108 2951 tv,
2125 2915 2169 2964 ep.
2179 2898 2252 2958 865.)
2270 2923 2295 2936 -

1417 2959 1454 3012 Ee
1473 2959 1674 3042 erroreeditor
1687 2961 1913 3043 bane-epistolam
1930 2961 1962 3013 sd
1981 2981 2083 3016 annum
2107 2967 2188 3019 1557.
2208 2971 2301 3034 retulit,

509 3049 709 3159 avorsa
731 3044 810 3130 Pr·
835 3040 1030 3128 111111
1276 3121 1279 3128 .
1417 3029 2298 3172 caesarasunitis:sardanaaric

1418 3165 1517 3232 betur,
1536 3167 1658 3236 adeoque
1679 3167 1704 3224 d.
1724 3168 1766 3220 et.
1820 3166 1852 3219 aii
1873 3165 1949 3221 1557.
1969 3167 2036 3236 alia,
2060 3171 2169 3225 diversa
2192 3175 2225 3226 ab
2246 3171 2297 3234 bac,

1420 3233 1533 3304 epistola
1555 3236 1588 3288 ad
1612 3235 1799 3288 Camerarium
1821 3235 1930 3306 legitor.
1972 3237 2068 3290 Mense
2087 3243 2157 3307 Apr.
2181 3251 2208 3293 et
2231 3238 2300 3292 Maio

1419 3305 1484 3357 anni
1507 3303 1582 3359 1553.
1604 3303 1774 3424 Norinberga
1799 3304 1832 3356 ab
1857 3305 1972 3385 ailberto
1998 3305 2163 3361 Marcbioue
2188 3310 2295 3380 graviter

1417 3381 1506 3426 serata
1520 3381 1575 3435 est;
1593 3372 1668 3426 conl.
1683 3389 1725 3442 ep.
1760 3411 1766 3425 .
1782 3377 1806 3426 l.
1821 3373 1902 3438 Matr,
1920 3381 1944 3426 et
1959 3373 1984 3425 d.
2002 3377 2025 3428 l.
2036 3373 2097 3428 luo.

277 2849 481 2980 Q.

1128 2945 1256 2973 Μ

329 3209 352 3282 †
372 3209 408 3264 Er
419 3207 586 3280 autographo
601 3204 734 3258 Melantb.
758 3201 831 3274 quod
851 3201 966 3254 babetur
983 3199 1012 3251 in
1028 3196 1153 3251 biblioth.
1167 3195 1265 3278 85va

381 3288 472 3342 stans,
497 3275 701 3332 communicato
728 3289 835 3329 mecum
856 3291 871 3324 a
894 3269 968 3326 Cirr.
989 3267 1130 3334 Sintenie,
1162 3265 1265 3320 biblio-

382 3346 475 3402 thecae
489 3343 636 3420 praefecto.

281 3502 549 3578 Illustrissimo
563 3509 594 3571 et
610 3494 865 3572 Reverendiss.
881 3489 1050 3590 Principi
1070 3515 1114 3561 ac
1130 3487 1267 3560 Domi-

281 3595 1005 3697 no,DominoGeorgio,Principi
1023 3595 1070 3664 in
1086 3584 1268 3663 Ankale

284 3718 322 3782 el
342 3705 554 3778 Ascania
578 3715 638 3776 etc.
662 3700 891 3798 gubernanti
906 3697 1113 3770 Ecclesium
1126 3691 1207 3764 Dei
1228 3695 1268 3766 in

393 3804 533 3905 Mysia
551 3816 618 3882 etc,
638 3804 807 3876 Domino
821 3830 890 3876 suo
903 3797 1195 3888 clementissimo.
1321 3771 1370 3858 S·
1398 3781 1444 3853 l).
1503 3780 1550 3851 Et
1577 3783 1687 3852 debeo
1713 3783 1778 3852 tibi
1815 3795 1848 3850 et
1872 3777 1986 3851 habeo
2011 3783 2181 3872 gratiam,
2217 3784 2306 3876 quod
2343 3813 2344 3874 j

1320 3911 1423 3978 poma
1441 3884 1567 3976 punica
1586 3883 1808 3978 quaesivisti,
1822 3898 1855 3953 et
1872 3885 1996 3954 misisti
2012 3908 2216 3954 cerasorum
2234 3908 2306 3952 suc-

1322 4013 1413 4057 cnrn.
1464 3983 1674 4075 Accepimus
1701 3999 1816 4075 postea
1840 3985 1945 4055 missa
1970 4011 1989 4054 a
2012 3989 2203 4079 myropola
2220 3985 2308 4056 Tor-

1322 4089 1418 4180 gensi
1437 4089 1508 4156 duo
1525 4111 1628 4178 poma
1645 4089 1791 4176 punica,
1817 4089 1875 4155 sed
1894 4111 1957 4156 nec
1975 4089 2138 4156 morbum
2168 4089 2237 4156 ista
2260 4089 2307 4155 le·

1323 4193 1447 4274 niunt,
1478 4213 1543 4256 nec
1574 4188 1701 4256 misera
1729 4213 1818 4257 uxor
1841 4213 1916 4256 mea
1937 4189 2068 4257 fruitur
2102 4183 2160 4256 his
2197 4191 2310 4268 rebus.

1324 4291 1565 4382 quaequidem
1582 4289 1742 4382 quotidie
1759 4315 1837 4358 cum
1855 4302 1968 4359 morte
1984 4290 2148 4362 luctatur.
2179 4289 2308 4378 Magno

1324 4395 1447 4460 dolore
1462 4391 1595 4459 afficior
1610 4407 1752 4481 propter
1777 4391 2136 4472 commiserationem,
2163 4397 2225 4459 sod
2249 4388 2311 4460 hoc

1326 4494 1535 4562 levationem
1557 4492 1710 4584 aliquam
1734 4491 1855 4573 affert,
1881 4495 1974 4584 quod
1999 4513 2098 4558 mens
2119 4492 2236 4580 ipsius
2260 4493 2311 4559 in·

1324 4611 1419 4686 tegra
1445 4609 1495 4664 est
1520 4607 1555 4662 et
1577 4593 1778 4686 tranquilla.
1826 4591 1977 4664 Etcum
2006 4593 2211 4682 ingreditur
2236 4619 2312 4662 ora·

1325 4699 1421 4766 tione
1444 4698 1482 4764 in
1506 4696 1645 4765 divinas
1677 4695 1953 4777 consolationes,
1988 4695 2037 4764 ita
2060 4695 2244 4785 loquitur,
2278 4707 2315 4762 ut

1326 4801 1493 4885 adpareat
1508 4795 1766 4864 eamdivinitus
1783 4795 2024 4864 confirmatam
2042 4818 2115 4862 esse
2132 4797 2316 4882 agnitione

1326 4901 1391 4966 filii
1409 4897 1496 4980 Dei,
1522 4911 1555 4964 et
1576 4920 1636 4986 spe
1654 4911 1816 4965 aeternae
1839 4895 2106 4965 consuetudinis
2124 4920 2208 4964 cum
2226 4899 2318 4965 cele-

1327 5001 1370 5067 sti
1385 4996 1553 5069 Ecclesia.
1605 4993 1683 5066 Oro
1702 4998 1812 5066 filium
1838 4994 1906 5068 Dei
1929 4995 2125 5069 Dominum
2151 5013 2317 5068 nostrum

1328 5099 1442 5168 lesum
1465 5095 1667 5182 Christum,
1695 5113 1733 5168 ut
1748 5097 1909 5189 publicas
1936 5113 1970 5168 et
1992 5099 2144 5188 privatas
2169 5099 2322 5168 calami-

1320 3525 1545 3601 Clarissimo
1567 3529 1645 3598 viro
1669 3525 1871 3598 eruditione
1897 3539 1929 3598 et
1954 3529 2082 3600 uirtute
2095 3540 2301 3626 praestante
2343 3563 2344 3638 q

1320 3631 1347 3702 I
1353 3624 1614 3703 oachimoC
1618 3632 1830 3700 amerori
1839 3656 1859 3700 o
1877 3631 2005 3730 fratri
2016 3657 2084 3702 suo
2101 3635 2303 3714 carissimo,
2343 3653 2344 3680 1

286 3951 336 4041 S.
363 3961 407 4034 D.
466 3958 707 4030 illustrissime
741 3971 774 4026 et
807 3955 1057 4028 Reverendiss.
1090 3951 1297 4041 Princeps.¹

282 4065 331 4139 Et
346 4066 457 4135 debeo
470 4075 504 4132 et
518 4057 630 4130 habeo
647 4059 793 4147 gratiam
809 4055 1022 4126 Celsitudini
1041 4054 1184 4124 Vestrae
1206 4077 1270 4143 pro
1295 4040 1298 4160 i

285 4169 378 4237 edita
402 4180 436 4235 et
458 4160 547 4232 mihi
565 4163 694 4231 donata
721 4159 945 4228 enarratione
961 4157 1155 4226 dulcissimi
1173 4155 1272 4222 Psal-
1295 4165 1297 4172 '

285 4269 334 4338 mi
350 4261 399 4356 Ι’).
457 4263 504 4334 Et
526 4261 704 4333 Ecclesiae
729 4285 831 4331 causa
855 4261 1010 4350 gaudeo,
1044 4257 1126 4326 talia
1155 4271 1271 4322 extare

285 4367 458 4462 principis
475 4377 702 4460 monumenta
720 4380 753 4435 et
770 4365 876 4433 talem
892 4360 1159 4430 confessionem.
1185 4354 1271 4442 Legi

285 4483 421 4563 partem
440 4466 583 4555 scripti,
608 4467 812 4555 praesertim
837 4467 879 4532 de
897 4463 1064 4533 articulo:
1091 4451 1271 4528 deseendit

286 4565 343 4640 ad
356 4567 507 4666 inferos.
558 4563 661 4635 Certe
681 4565 869 4652 singularis
892 4565 944 4632 ibi
971 4562 1118 4633 victoria
1141 4559 1270 4628 descri—

286 4675 402 4755 bitur,
428 4671 470 4737 de
487 4693 554 4760 qua
571 4679 605 4734 et
620 4663 763 4735 Petrum
787 4666 887 4757 loqui
904 4665 1077 4735 existimo.
1128 4659 1176 4732 Et
1200 4683 1273 4728 rne-

285 4773 376 4845 mini
391 4763 596 4838 Lulherum
620 4769 659 4834 in
683 4767 849 4834 familiari
873 4767 1050 4856 colloquio
1074 4778 1195 4832 nostro
1218 4763 1275 4828 in-

285 4895 442 4968 gressum
466 4871 504 4938 in
530 4894 609 4938 eum
635 4891 832 4937 sermonem
849 4867 957 4934 multa
979 4865 1132 4954 graviter
1146 4864 1274 4943 dicere,

286 5001 377 5072 quae
391 4995 509 5045 coram
529 4971 693 5043 recitabo.

321 5233 351 5300 *J
370 5267 390 5297 ‚‚
403 5231 485 5282 Anno
507 5225 583 5280 1552.
606 5181 743 5342 Georgius
765 5223 897 5293 Princeps
913 5220 1196 5291 Dessavise‘quetuor
1216 5235 1278 5269 ιιι·-Ι

357 5299 486 5352 monibus
497 5294 583 5352 sacris
597 5313 611 5350 a
624 5293 668 5348 die
705 5293 772 5349 i'rid.
787 5309 873 5362 aeque
891 5291 923 5345 ad
938 5289 1012 5344 diem
1027 5289 1123 5346 Pescla.
1141 5300 1247 5342 mamas
1257 5289 1273 5336 it
1558 5351 1564 5362 .

338 5365 464 5420 ’1611111111
484 5365 650 5434 Psalnrurn.”
687 5359 944 5428 [NotaSiueene'sir'.]
979 5405 983 5414 .
1275 5416 1280 5434 Ι
1359 5353 1391 5422 “)
1410 5350 1564 5404 Tilemannr
1582 5349 1730 5404 lleesbueii.
1766 5349 1828 5408 Vid.
1844 5369 1887 5421 ep.
1900 5350 1934 5405 ad
1948 5349 2125 5406 branteston
2139 5349 2165 5406 el.
2184 5352 2229 5408 ll.
2247 5353 2323 5410 Maii.
