4682 5822
16 2 315 13 ——-——
326 3 329 5 v

66 253 129 328 ιιι
630 205 1072 328 atteror-,naun
1122 249 1230 329 nin.
1254 249 1338 323 ιιι.
1394 251 1525 328 rost.
2028 261 2103 334 ιω

70 424 249 498 interiecitz
300 421 414 496 Vides
432 417 625 494 autem'hin
640 425 921 520 qunqneirdicii
937 423 1053 496 divini
1107 417 1179 494 Sed
1208 423 1375 516 permitto
1404 407 1462 496 eos
1493 427 1626 496 iudicio
1650 427 1743 500 docti
1766 443 1799 501 et
1822 430 2008 520 prudentis
2029 432 2099 502 vici

69 528 315 601 testimonium.
366 525 525 619 Uterque
545 523 670 597 babuit
691 525 873 622 Erinnyas
896 529 1051 604 ultrices.
1106 521 1252 595 Domini
1269 521 1433 621 Mugeri.
1484 527 1581 600 Bene
1598 545 1632 602 et
1644 531 1818 603 foeliciter
1833 533 1911 602 vale
1926 530 2097 626 Princeps

66 629 204 703 Clodius
227 627 401 700 aMilone
426 629 632 700 interfectus
657 643 720 703 est.
772 625 954 702 Antonius
976 631 1050 702 acie
1103 627 1352 704 illustrissime.
2021 653 2029 662 ·

65 733 187 816 victus,
217 731 373 800 deiectus
392 755 434 799 ex
457 755 596 802 summo
621 731 760 820 fastigio
782 732 851 802 sibi
869 734 936 823 ipsi
950 758 1050 803 mor·

67 849 128 906 tem
159 833 341 904 conscivit.
404 831 569 925 Denique
595 835 787 902 multarum
814 835 1047 906 maximarum

65 957 174 1007 rernm
208 937 325 1025 imago
359 947 410 1004 est
443 929 528 1005 haec
564 949 637 1024 tota
663 933 846 1005 Ciceronis
881 932 1046 1008 historia:

64 1062 163 1132 qnam
186 1059 396 1126 cognoscere
416 1059 557 1117 omnes,
589 1037 684 1107 utile·
699 1049 750 1106 est
773 1051 806 1108 et
834 1037 961 1108 studiis
981 1041 1046 1110 do-

64 1141 188 1210 etrinae
203 1154 237 1210 et
251 1138 423 1208 moribus.
476 1135 573 1208 Bene
590 1139 685 1226 vale,
713 1135 866 1210 lllustris
880 1137 1046 1215 Domine.

62 1241 133 1314 Dat.
150 1240 427 1312 Francolordiae
453 1241 496 1308 ad
517 1236 695 1325 Oderam,
728 1237 836 1312 Anno
859 1266 879 1313 a
902 1239 1044 1314 Christo

62 1358 137 1414 nato
154 1339 350 1414 MDLllll.
365 1340 492 1412 Mmse
505 1339 712 1416 Novembri.
837 1341 840 1346 ’

70 1709 127 1784 No.
145 1707 259 1786 5694.

65 1806 270 1843 m
924 1709 1028 1806 (tt)

131 1913 305 2000 Ioanni
329 1911 594 2020 Friderico,
628 1915 755 2006 Duce'
781 1915 962 2008 Pomer.

124 2075 147 2145 †
172 2074 212 2127 Ee
236 2074 404 2145 autographo
427 2075 558 2130 Melantb.
609 2079 682 2148 quod
707 2079 789 2134 babet
809 2080 909 2136 illustr.
927 2081 1042 2152 Nagnr,

153 2143 223 2214 Regi
238 2143 348 2200 Boron.
363 2163 378 2196 s
393 2144 537 2213 Consiliis,
573 2149 688 2220 eseripts
700 2151 734 2204 sb
749 2149 884 2204 Otrnaus.

62 2297 321 2372 illustrissimo
339 2295 509 2398 Principi
530 2311 561 2372 et
584 2301 753 2376 Domino
770 2303 937 2376 Domino
962 2303 987 2378 Ι
996 2333 1043 2378 o·
1098 2355 1107 2371 .

64 2397 208 2473 donni
229 2397 271 2472 F
275 2401 316 2470 ri
323 2397 474 2472 deriso
496 2399 602 2475 Duri
616 2399 870 2494 Pomernnioe,
896 2405 1042 2493 Stetini,

61 2499 305 2576 Cossuborum
334 2514 430 2574 utet
464 2515 622 2578 vetustae
653 2509 775 2604 gentis
806 2509 1042 2596 Henelorum,

62 2601 224 2708 Principi
245 2605 471 2678 Herulorum
499 2619 530 2678 et
556 2599 698 2680 Comeli
718 2607 953 2708 Tungrorum
981 2623 1042 2686 cel.

266 2705 434 2780 Domino
449 2737 518 2781 sun
533 2709 822 2784 clementissimo.

61 2847 101 2934 S.
131 2859 178 2936 D.
240 2859 479 2932 illustrissime
505 2875 539 2933 et
564 2863 835 2934 clementissime
859 2863 1042 2960 Princeps.

59 2962 205 3034 Memini
229 2987 334 3032 avum
357 2978 458 3034 tunm
479 2979 698 3051 maternum,
724 2965 924 3060 Principem
948 2970 1041 3060 opti-

59 3089 146 3134 mum
175 3063 311 3136 Ducem
343 3065 517 3138 Saxoniae
539 3064 738 3138 Electorem
761 3063 971 3139 Iohannem
1000 3071 1040 3140 in

59 3181 210 3250 senecta,
243 3167 402 3260 quotidie
424 3170 538 3259 legere
554 3170 667 3262 capita
686 3171 823 3264 aliquot
846 3173 1041 3264 inscriptis

59 3267 279 3360 Propheticis
293 3267 548 3360 etApostolicis
563 3273 717 3342 scribere
731 3275 837 3344 etiam
853 3277 967 3366 capita
983 3277 1039 3344 in·

59 3371 206 3460 signium
222 3371 435 3442 concionum
453 3369 620 3458 Lutheri,
649 3377 791 3468 ¹quoties
815 3401 896 3445 eum
918 3379 1040 3448 audie-

56 3471 126 3554 bat,
157 3487 194 3542 et
214 3473 258 3542 de
275 3473 435 3542 doctrina
452 3475 489 3542 in
504 3499 611 3545 curru
627 3503 706 3546 cum
724 3478 802 3547 viro
822 3478 992 3568 sapientia
1008 3493 1041 3552 et

56 3573 178 3646 virtute
197 3575 382 3644 excellenti
398 3569 573 3646 Ponlono
591 3579 781 3669 disputare.
833 3577 893 3650 Sic
910 3581 1041 3649 sentie-

55 3675 108 3745 bat
127 3699 219 3744 avus
241 3689 339 3746 tuus:
373 3676 511 3746 etiarnsi
534 3679 704 3770 sapientia
722 3681 783 3750 lux
801 3694 852 3750 est
868 3681 1040 3752 divinitus

55 3775 86 3844 in
101 3777 283 3848 mentibus
297 3801 459 3864 accensa,
485 3793 603 3850 tamen
620 3779 735 3850 Deum
752 3783 843 3851 velle
857 3800 957 3852 suam
973 3785 1039 3852 do-

56 3881 196 3948 ctrinam
222 3878 290 3966 legi
314 3892 349 3948 et
365 3883 600 3966 considerari,
627 3897 660 3952 et
678 3878 742 3954 hac
757 3885 1039 3956 consideratione

54 3983 238 4052 accendere
256 3981 355 4050 illam
378 4005 477 4052 suam
498 3985 535 4052 in
559 3985 738 4054 mentibus
753 3986 879 4056 lucem.
929 3985 1039 4076 Leges

54 4081 150 4169 igitur
169 4096 205 4151 et
222 4083 333 4150 disces
349 4085 482 4174 optima
505 4085 634 4176 scripta
652 4101 686 4157 et
710 4101 807 4178 petes
829 4089 1038 4158 ardentibus

52 4185 132 4254 votis
146 4211 165 4255 a
183 4185 260 4254 filio
277 4181 345 4254 Dei
360 4186 566 4276 sapientiam
582 4189 644 4280 qui
658 4187 792 4278 inquit:
818 4213 854 4257 se
870 4189 1037 4259 delectari

52 4278 232 4356 hominum
256 4289 522 4360 consuetudine.
580 4288 647 4359 His
669 4291 766 4359 enim
791 4291 910 4361 verbis
935 4289 1038 4362 Salo-

52 4409 127 4454 mon
150 4391 195 4456 de
216 4387 387 4476 sapientia
406 4390 474 4464 Dei
493 4391 619 4460 utitur.
671 4391 805 4461 Aenos
822 4407 937 4462 tecum
956 4418 1036 4462 ora-

51 4509 120 4556 mus
143 4486 244 4558 hunc
264 4489 381 4578 ipsum
404 4491 516 4561 lilium
533 4489 617 4575 Dei,
648 4507 688 4562 ut
711 4507 744 4561 te
765 4509 881 4563 servet
897 4495 1036 4564 incolu-

52 4611 133 4658 mem
151 4605 186 4660 et
203 4603 301 4680 regat
317 4605 432 4666 totum
450 4594 559 4676 vitae,
592 4595 791 4663 studiorum
811 4607 844 4662 et
860 4597 1036 4682 guberna-

51 4689 149 4760 tionis
163 4717 321 4766 cursum.
373 4689 451 4764 Oro
467 4695 591 4773 etiam,
619 4707 660 4764 ut
676 4693 958 4764 illustrissimum
972 4721 1035 4786 pa·

51 4803 130 4862 trem
155 4809 191 4865 et
211 4809 358 4864 matrem
377 4809 411 4866 et
423 4796 547 4866 fratres
563 4809 596 4865 et
610 4818 751 4865 sorores
766 4810 880 4866 servet
896 4796 1035 4868 incolu-

51 4913 126 4968 mes.
183 4895 240 4966 De
261 4897 389 4966 ordine
411 4899 519 4968 studii
542 4898 644 4968 mitto
668 4897 821 4987 pagellas
844 4899 958 4967 multo
982 4913 1033 4968 te-

49 4998 146 5066 nuius
169 4999 339 5090 scriptas,
378 5023 484 5092 qnam
509 5000 719 5090 magnitudo
742 4999 793 5068 rei
817 5001 973 5091 postulat
986 4993 1035 5094 1).

53 5147 236 5166 -ιιι-ᾑ-

78 5223 187 5289 ¹)Sine
204 5223 291 5278 dubio
304 5223 439 5294 pagellae,
467 5241 531 5296 quas
551 5225 713 5280 Melantbon
731 5233 948 5292 commemoret,
971 5233 1036 5279 sunt

107 5295 238 5377 scriptum
269 5293 345 5377 1⁰9³
374 5293 498 5364 sequitur
515 5304 540 5348 et
560 5295 623 5352 huie
642 5295 769 5366 epistolas
789 5295 843 5348 init
864 5295 1034 5377 sdiupctum.

109 5361 216 5431 Scripta
231 5371 271 5416 est
283 5373 367 5424 turtur
379 5382 452 5416 arrno
469 5363 543 5419 155⁴.
559 5364 672 5417 sortasse
687 5383 777 5417 mense
790 5363 861 5418 Nos.
875 5361 918 5420 vel
932 5383 1033 5418 sneun-

107 5439 132 5484 te
143 5429 246 5486 Deebr.
277 5429 324 5486 cl.
339 5449 383 5505 ep.
396 5432 430 5486 sd
444 5434 562 5492 eundem
576 5433 732 5506 Principem
748 5433 775 5488 d.
789 5434 815 5489 1.
829 5433 886 5489 len.
900 5432 979 5489 1555.

1201 727 1271 802 Die
1290 733 1400 802 natali
1416 727 1581 806 Lutheri.

1486 833 1748 906 lllustrissimae
1762 831 1977 907 Celsitndini
1994 835 2094 910 Tuae

1693 937 1855 1006 addictus

1569 1035 1758 1130 Philippus
1780 1034 2006 1110 Melanthon.
2080 1088 2084 1097 -

1098 1406 1165 1482 No.
1181 1407 1296 1484 6695.
1374 1419 1383 1434 ⁰

1102 1513 1314 1552 W

1874 1409 1960 1504 (eod.
1977 1409 2090 1508 temp.)

1869 1507 2082 1546 nam...

1507 1607 1690 1698 Eidem.

1165 1769 1356 1911 Seleclgoepiet.
1373 1789 1400 1844 p.
1415 1771 1475 1831 595.
1504 1771 1588 1846 Epist.
1606 1771 1653 1828 tib.
1667 1773 1686 1827 Ι.
1706 1791 1733 1846 p.
1748 1772 1803 1830 151.
1826 1773 1884 1843 (ed.
1901 1770 2087 1829 Leontini.

1198 1859 1240 1912 ep·
1289 1881 1322 1900 ..

1096 1991 1292 2070 Institutio
1315 1995 1344 2069 I
1350 1993 1557 2070 ohannis
1580 1993 1625 2070 F
1627 1993 1839 2084 riderici,
1865 1995 1988 2070 Ducis
2003 1995 2088 2070 Sle-

1280 2099 1370 2190 lini,
1396 2095 1654 2189 Pomeroniae,
1681 2111 1742 2177 etc.
1794 2101 1832 2174 S.
1861 2103 1904 2177 D.

1095 2241 1254 2326 Assidue
1273 2257 1463 2346 repetenda
1485 2267 1537 2326 est
1560 2253 1726 2342 cogitatio
1744 2253 1787 2322 de
1804 2252 2000 2343 praesentia
2018 2249 2085 2322 Dei

1097 2377 1136 2422 ιιι
1156 2378 1284 2444 genere
1306 2353 1542 2440 bumano‚.et
1560 2357 1754 2434 decausis,
1780 2379 1843 2426 cur
1859 2351 1954 2422 Dens
1973 2352 2086 2442 impe-

1095 2456 1148 2524 ria
1167 2471 1200 2526 et
1214 2459 1344 2546 gradus
1359 2455 1543 2527 bominum
1562 2456 1792 2540 ordinaverit,
1815 2469 1849 2525 et
1865 2455 1986 2547 quales
2000 2455 2086 2529 velit

1096 2581 1169 2626 esse
1194 2559 1457 2647 gubernatores.
1509 2557 1597 2630 Vult
1612 2559 1712 2630 Deus
1735 2556 1771 2626 in
1790 2570 1862 2628 tota
1877 2555 2084 2626 aeternitate

1095 2683 1168 2729 sese
1191 2663 1295 2730 nobis
1317 2661 1599 2746 communicare,
1632 2660 1669 2728 id
1693 2671 1735 2729 ut
1755 2659 1831 2730 lieri
1856 2659 1982 2750 possit,
2008 2659 2086 2735 vult

1094 2785 1131 2830 se
1156 2785 1176 2831 a
1200 2761 1304 2832 nobis
1327 2777 1420 2860 recte
1444 2763 1605 2852 agnosci,
1645 2775 1680 2832 et
1702 2757 1770 2832 boc
1800 2762 1906 2832 modo
1935 2772 2085 2846 tantum,

1095 2888 1169 2932 non
1185 2865 1288 2934 aliter
1303 2864 1435 2954 colligit
1451 2877 1628 2934 aeternam
1644 2859 1856 2942 Ecclesiam,
1883 2887 1968 2932 voce
1984 2862 2084 2930 vide-

1095 2965 1178 3034 licet
1209 2962 1397 3056 Evangelii
1431 2966 1495 3037 sni.
1555 2963 1658 3034 Hanc
1682 2966 1760 3036 vult
1787 2964 1904 3034 audiri
1931 2976 1965 3034 et
1990 2977 2084 3032 recte

1094 3067 1274 3155 cognosci,
1307 3081 1342 3138 et
1362 3068 1399 3136 in
1421 3062 1487 3136 hac
1505 3065 1578 3153 ipsa
1596 3064 1710 3136 Filius
1723 3091 1790 3136 nos
1804 3066 2020 3160 alloquitur,
2048 3077 2084 3136 et

1093 3183 1228 3238 mentes
1250 3171 1294 3238 ad
1316 3181 1497 3238 aeternnm
1515 3165 1653 3238 Patrem
1676 3169 1802 3252 flectit,
1838 3184 1872 3240 et
1893 3169 1931 3237 in
1949 3163 2006 3236 his
2020 3167 2083 3258 qui

1094 3271 1284 3354 obediunt,
1319 3272 1477 3340 accendit
1500 3271 1600 3338 initia
1627 3271 1719 3338 vitae
1737 3285 1917 3354 aeternae,
1942 3269 2084 3359 sapien·-

1093 3373 1178 3458 tiae,
1204 3389 1239 3445 et
1263 3373 1426 3445 iustitiae.
1475 3371 1622 3442 Necesse
1638 3385 1688 3442 est
1706 3372 1814 3462 igitur
1828 3394 1951 3441 omnes
1964 3365 2083 3438 homi-

1093 3497 1156 3542 nes
1184 3475 1318 3544 discere
1343 3474 1540 3544 doctrinam
1563 3477 1607 3544 de
1629 3470 1724 3554 Deo,
1765 3488 1799 3544 et
1822 3477 1867 3541 de
1890 3471 1982 3540 Filio
2007 3471 2082 3540 eius

1091 3572 1249 3644 Domino
1273 3589 1396 3646 nostro
1423 3573 1500 3644 lesu
1521 3569 1683 3653 Christo,
1719 3575 1925 3664 patefactam
1950 3575 1986 3641 in
2008 3569 2082 3641 Ec-

1092 3675 1216 3756 clesia,
1250 3690 1284 3745 et
1310 3677 1385 3744 eius
1407 3677 1515 3746 studii
1540 3677 1792 3763 gubernatores
1816 3689 1849 3745 et
1874 3667 2081 3764 agnothetas

1092 3799 1164 3846 esse
1185 3777 1262 3847 vult
1282 3777 1377 3848 Deus
1400 3777 1496 3867 ipsos
1519 3773 1632 3866 Reges
1663 3791 1697 3848 et
1720 3775 1915 3866 Principes.
1981 3775 2082 3848 Sicut

1090 3871 1269 3948 Psalmus
1281 3879 1414 3972 inquit:
1437 3873 1490 3944 El
1506 3871 1731 3970 nonrReges
1747 3876 1954 3972 intelligite.
1981 3875 2083 3958 ltem,

1091 3979 1145 4053 Ul
1169 3977 1384 4050 conveniant
1400 3973 1524 4073 Reges
1541 3987 1573 4047 el
1586 3977 1721 4078 populi
1735 3979 1774 4050 in
1794 4006 1929 4060 unum,
1960 3985 1992 4046 et
2004 4001 2081 4046 ser-

1092 4081 1194 4152 viant
1213 4077 1392 4158 Domino.
1442 4078 1491 4154 Et
1513 4072 1652 4152 Psalm.
1668 4081 1727 4154 46.
1751 4083 1885 4172 inquit,
1917 4073 2081 4176 Quando

1091 4179 1281 4280 Principes
1312 4177 1541 4281 Populorum
1581 4193 1852 4278 congregantur
1887 4206 1966 4251 cum
1997 4176 2082 4250 Deo

1092 4279 1299 4374 Abrohom,
1324 4283 1518 4356 exaltatur
1532 4281 1636 4356 Deus
1656 4280 1773 4359 valde.
1826 4283 1972 4356 Tribuit
1986 4281 2081 4352 Deus

1090 4391 1290 4460 societatem
1306 4389 1362 4457 sui
1378 4389 1535 4458 nominis
1554 4385 1783 4476 Principibus
1797 4387 1975 4478 inquiens,
1992 4365 2082 4477 Ego

1090 4486 1196 4575 dixi,
1222 4486 1301 4558 Dii
1314 4487 1414 4574 estis,
1439 4515 1513 4560 non
1527 4502 1565 4560 ut
1582 4491 1653 4560 sint
1669 4501 1805 4560 tantum
1824 4490 1987 4558 cristodes
2000 4511 2079 4556 cor-

1087 4617 1216 4682 porum
1242 4592 1383 4684 popnli,
1416 4593 1475 4660 sed
1499 4591 1624 4678 etiam,
1654 4604 1694 4660 ut
1716 4591 1915 4660 doctrinam
1939 4591 1983 4658 de
2002 4588 2080 4658 Dco

1088 4695 1126 4761 in
1151 4717 1276 4784 genere
1302 4687 1479 4775 humano,
1509 4692 1697 4784 propagari
1723 4706 1857 4764 curent.
1915 4689 2079 4762 Primum

1087 4795 1250 4881 igiturne
1265 4795 1452 4886 praecipue
1467 4793 1603 4864 discant
1621 4793 1803 4882 Principes
1818 4794 2017 4862 doctrinam
2034 4795 2080 4862 de

1086 4894 1181 4982 Deo,
1213 4911 1248 4966 et
1272 4895 1365 4966 Filio
1390 4897 1466 4966 eius
1490 4895 1644 4966 Domino
1670 4909 1791 4964 nostro
1819 4893 1899 4963 lesu
1921 4889 2079 4976 Christo,
2131 4901 2133 4904 ’

1088 5011 1120 5068 et
1144 4999 1192 5068 ita
1217 4999 1372 5083 discant,
1405 5011 1446 5069 ut
1467 4998 1583 5068 sontes
1605 5009 1796 5090 quaerant,
1823 5019 1898 5064 non
1914 5009 1953 5064 nt
1970 4996 2079 5063 illite-

1087 5101 1154 5170 rati
1187 5125 1359 5170 summam
1395 5113 1533 5169 tantum
1562 5112 1763 5188 excerpant:
1806 5099 1866 5166 sed
1893 5111 1934 5166 ut
1960 5111 2078 5166 ruente

1087 5203 1365 5292 complectantur
1384 5214 1498 5270 totum
1525 5200 1708 5271 doctrinae
1730 5221 1878 5288 corpus,
1904 5211 1938 5268 et
1953 5198 2079 5278 sciant,

1088 5327 1177 5396 qnae
1199 5301 1387 5394 praecipue
1401 5301 1536 5372 fuerint
1551 5325 1688 5394 semper
1702 5302 1741 5370 in
1758 5297 1918 5368 Ecclesia
1932 5312 2079 5369 contro·

1087 5404 1238 5483 versiae,
1272 5428 1363 5498 quae
1392 5403 1604 5490 certamina,
1641 5427 1732 5496 quae
1761 5403 1904 5492 piorum
1928 5400 2077 5471 iudicia:
