4688 5816
61 231 130 314 661

62 401 201 494 corpori
214 395 361 472 Christi.
411 397 483 474 Sed
498 401 544 472 de
559 395 715 474 hac-tota
731 425 769 472 rc
784 413 817 474 et
831 415 866 474 te
880 415 914 474 et
929 403 1052 472 doetus

62 518 165 598 atque
192 505 270 596 pios
304 503 458 596 optarim
485 503 623 596 placide
655 527 757 595 posse
787 503 956 598 colloqui.
1004 500 1054 574 Et

62 606 179 676 literas
202 619 284 677 tuas
303 619 464 696 expecto,
498 606 631 698 quibus
656 607 871 696 signilicabis
895 627 942 676 au
964 605 1054 676 velis

62 701 126 777 hac
143 709 187 780 dc
199 730 239 778 re
253 707 361 778 scribi
377 729 469 778 arne
486 708 674 800 copiosius.
707 707 805 780 Bene
821 709 900 778 vale
914 701 965 801 ').

800 819 1002 916 Philippus.

64 1223 260 1356 Q.

933 1241 968 1305 6.
982 1231 1047 1296 lau.

918 1323 1049 1351 Μ

395 1429 459 1518 D.
487 1427 728 1545 Chytroeo.

130 1607 184 1677 (Er
196 1603 296 1666 David.
310 1605 437 1676 Chytreei
450 1604 571 1680 epistolis
589 1625 616 1680 p.
631 1607 721 1677 rtis)

365 1775 485 1856 Dav.
511 1769 762 1876 Chylraeo.

67 1935 280 2025 clarissime
294 1945 362 2016 Vir
384 1961 418 2018 et
433 1946 621 2019 Carissimo
646 1949 766 2020 frater.
819 1947 968 2020 Gaudeo
990 1951 1056 2021 tibi

65 2053 212 2146 probari
228 2050 518 2122 diiudicationem
535 2053 794 2120 controversiae
807 2045 1057 2145 Nora'bergen-

66 2154 136 2238 sis,
172 2151 483 2246 quamedidimns.
535 2149 690 2222 Maxime
705 2155 798 2222 enim
816 2167 922 2246 opto,
954 2156 1057 2224 utsit

67 2271 233 2328 aeternus
261 2277 452 2323 consensus
479 2249 740 2338 Ecclesiarum,
775 2255 812 2322 in
846 2257 975 2348 quibus
1007 2269 1059 2325 est

68 2359 227 2428 studium
250 2355 418 2427 veritatis.
468 2353 572 2423 Nunc
597 2355 676 2424 aula
700 2355 858 2424 Palatina
882 2371 916 2427 et
937 2356 1058 2426 Wur-

67 2457 311 2547 tenbergensis
330 2451 519 2526 hortantur
535 2470 671 2538 ceteras.
692 2459 808 2538 aulas,
834 2472 874 2528 ut
893 2457 1059 2552 Synodus

69 2562 252 2632 indicatur
280 2558 440 2628 omnium
467 2554 724 2643 Ecclesiarum,
756 2583 845 2652 quae
878 2561 1057 2650 puriorem

68 2661 270 2736 doctrinam
287 2660 508 2750 profitentur.
555 2657 651 2748 Quid
673 2675 762 2730 essct
775 2663 966 2752 optabilius
982 2663 1059 2754 pio-

68 2789 148 2836 rum
167 2777 203 2832 et
218 2763 401 2830 doctorum
418 2761 621 2852 colloquio?
660 2760 728 2832 Sed
747 2763 813 2832 scis
829 2765 914 2857 quid
932 2766 976 2833 de
991 2763 1060 2859 Sy-

69 2865 177 2939 nodis
201 2863 380 2956 scripserit
402 2861 662 2945 Nazianzenus,
698 2877 730 2932 et
756 2888 851 2934 nunc
874 2865 988 2934 maior
1009 2879 1061 2935 est

69 2960 247 3062 ἀναρχία.
298 2963 414 3034 Credo
438 2965 532 3054 apud
556 2987 618 3033 vos
635 2989 776 3058 quoque
793 2967 836 3034 de
852 2990 894 3037 eo
910 2967 1059 3036 consilio

70 3091 253 3140 sermones
268 3089 357 3152 esse;
384 3089 493 3158 quare
507 3065 536 3133 si
552 3067 638 3158 quid
661 3067 844 3152 audivisti,
871 3093 1001 3162 quaeso
1021 3081 1060 3138 ut

71 3167 166 3242 mihi
180 3169 360 3257 significes.
396 3165 474 3256 Ego
489 3190 562 3234 rem
579 3181 650 3238 tam
666 3169 899 3260 periculosam
915 3173 1061 3242 suadere

72 3297 147 3344 non
166 3271 291 3342 audeo.
342 3267 412 3340 Sed
430 3269 459 3337 si
475 3270 656 3358 procedet,
679 3284 813 3341 vestros
826 3275 945 3342 adesse
962 3287 1062 3364 opta-

73 3377 163 3454 rim,
199 3385 234 3442 et
251 3372 287 3440 in
307 3365 362 3438 his
386 3385 419 3442 te
434 3383 468 3440 et
483 3363 730 3462 Bordingum.
783 3372 891 3443 Mitto
910 3375 1063 3466 pagellas

73 3501 153 3548 meo
172 3498 280 3544 more.
319 3472 425 3542 Nunc
442 3463 631 3567 Staphylo
645 3476 883 3562 respondebo,
909 3477 971 3568 qui
988 3477 1063 3542 edi-

15 3617 19 3626 ·
73 3578 128 3650 dil
161 3575 446 3645 criminationem
477 3574 714 3646 rabiosissime
745 3575 909 3666 scriptam
941 3591 1063 3646 contra

74 3701 201 3749 omncs
222 3673 396 3746 Ecclesias
416 3689 564 3748 nostras.
622 3673 771 3746 Talibus
798 3672 960 3747 hostibus
981 3701 1065 3768 par-

75 3794 164 3852 cunt
179 3778 323 3872 quidam
342 3777 453 3846 nostri
471 3791 603 3846 veteres
618 3778 739 3861 amici,
765 3793 799 3850 et
818 3780 951 3848 interea
967 3781 1066 3849 virus

77 3885 115 3953 in
137 3903 207 3950 nos
229 3893 417 3963 evomunt,
450 3879 568 3948 nescio
594 3902 698 3971 quam
724 3881 770 3950 ob
792 3905 943 3956 causam.
996 3881 1065 3951 Sed

76 3985 155 4056 Deo
173 4004 238 4051 nos
254 3982 474 4050 commendo.
524 3977 579 4049 Dc
593 3981 714 4050 multis
729 3981 864 4072 magnis
881 3985 987 4052 rebus
1003 4008 1066 4052 vo-

77 4087 219 4155 biscum
236 4083 392 4176 colloqui
406 4081 521 4173 cupio.
580 4078 628 4151 Et
642 4085 782 4151 taudem
800 4109 840 4152 ex
857 4079 912 4154 his
927 4108 1068 4174 compe-

78 4189 189 4260 dibus
215 4209 271 4254 me
296 4185 474 4267 evolvam,
513 4195 554 4252 ut
577 4184 622 4252 ad
650 4205 712 4253 vos
737 4188 900 4254 accedere
926 4187 1069 4276 possim.

637 227 1074 308 selsrouARuM
1129 232 1351 312 LlB.Xll.
1402 237 1537 318 1666.

2027 235 2124 326 ssc'

1975 437 2008 500 9.
2026 427 2091 496 Im.

1962 523 2099 556 Μ

1417 590 1526 705 cpe.
1559 593 1787 688 Fischero.
1889 675 1891 680 ,

1176 755 1212 810 Er
1235 755 1401 814 collectione
1419 759 1560 818 Battenst.
1578 762 1641 820 Vol.
1657 767 1676 820 1.
1703 789 1729 842 p.
1744 771 1788 826 25.
1808 771 1860 894 gui
1878 793 1937 830 esso
1956 777 2097 852 descripsit

1208 843 1240 879 es
1255 837 1326 880 msto
1340 825 1368 880 io
1381 828 1448 884 bibl.
1463 830 1566 888 [asseri
1581 843 1662 890 entes
1674 838 1804 894 Drsosiel
1870 843 1947 900 Edita
1962 859 2002 903 est
2014 853 2097 905 etiem

1207 895 1236 949 lu
1256 894 1377 951 Noiteuii
1395 901 1566 956 commercio
1584 902 1656 961 liter.
1673 905 1774 964 cleror.
1792 909 1877 972 viror,
1895 932 1924 986 p.
1937 917 1998 972 212.

1293 1045 1644 1157 Chrislophoro
1668 1057 1910 1146 Fischero.

1108 1181 1217 1283 Scio,
1240 1201 1305 1272 tibi
1329 1229 1401 1274 non
1421 1207 1540 1278 deesse
1563 1213 1770 1297 consilium,
1794 1221 1853 1287 sed
1874 1235 1992 1293 tamen
2013 1226 2096 1296 dili-

1108 1303 1222 1390 gcutia
1246 1305 1350 1374 laude
1372 1308 1478 1398 digua
1499 1325 1568 1391 est,
1596 1318 1689 1406 quod
1710 1318 1822 1388 mavis
1840 1325 2000 1395 conferre
2019 1341 2096 1399 tuas

1108 1405 1353 1492 cogitationes,
1394 1434 1499 1503 quam
1532 1409 1810 1510 ἰδιοβουλεύειν.
1869 1424 1948 1496 Oro
1978 1445 2095 1500 autern
2202 1519 2207 1524 ⁵

1108 1505 1219 1572 filium
1233 1503 1311 1592 Dei,
1337 1514 1517 1580 custodem
1527 1513 1703 1588 Ecclesiae
1718 1543 1812 1606 suae,
1837 1538 1881 1620 ut?
1893 1553 1957 1598 nos
1973 1554 2096 1601 omnes

1107 1609 1281 1696 gubernet
1303 1621 1335 1680 ct
1357 1614 1498 1703 copulet
1519 1631 1659 1707 pectora
1684 1645 1745 1692 sua
1762 1623 1842 1696 luce
1859 1641 1893 1696 et
1914 1631 2042 1722 spiritu
2058 1631 2095 1707 S.

1109 1705 1161 1778 Ac
1184 1709 1252 1778 tibi
1274 1711 1403 1800 gratias
1424 1711 1556 1799 habco,
1582 1724 1677 1814 quod
1700 1745 1925 1800 communem
1946 1757 2096 1818 consen-

1109 1833 1185 1880 sum
1200 1807 1437 1886 Ecclesiarum
1455 1833 1657 1892 nostrarum
1674 1825 1824 1898 fideliter
1839 1834 1960 1905 tueris.
2072 1861 2075 1869 ·

1212 1927 1255 1998 ln
1272 1923 1496 2002 Pomerunt'a
1520 1937 1615 2007 rixae
1637 1965 1711 2012 non
1734 1949 1947 2018 necessariae
1960 1953 2004 2022 de
2024 1954 2096 2028 ritu

1109 2030 1345 2100 ordinationis
1365 2048 1480 2104 motae
1504 2053 1606 2120 sunt,
1640 2055 1681 2112 ut
1696 2044 1890 2138 intelliges,
1919 2077 1999 2122 cum
2022 2071 2096 2128 arta

1110 2131 1247 2225 Synodi
1262 2131 1492 2206 Pomcraniae
1507 2139 1640 2212 fuerint
1657 2145 1761 2220 edita.
1796 2149 1903 2221 Mitto
1921 2155 1988 2224 tibi
2002 2157 2098 2228 diiu-

1110 2235 1321 2304 dicationcm
1346 2243 1605 2312 controversiae
1626 2243 1953 2340 Norimbergensis,
1990 2283 2096 2351 quam

1110 2335 1201 2423 leges
1222 2349 1263 2406 ut
1284 2361 1424 2422 censor,
1456 2355 1490 2412 et
1507 2341 1678 2414 iudicium
1698 2343 1789 2418 mihi
1807 2366 1907 2424 tuum
1923 2358 2097 2447 significa-

1110 2437 1175 2509 bis.
1233 2435 1330 2508 Bene
1361 2441 1441 2510 vale
1475 2457 1510 2515 et
1542 2447 1704 2524 rescribe.
1768 2449 1836 2524 Die
1869 2453 2008 2536 Ianuar.
2036 2459 2097 2537 lX.

1115 2531 1286 2632 lassu.

1105 401 1173 474 No.
1189 399 1303 478 5912.

1113 499 1284 533 Μ

1111 2749 2094 2784 --·----—--——-——-—-----.-.

1112 2895 1179 2968 No.
1193 2891 1305 2968 591³.

1119 2991 1290 3020 m
1959 3015 2098 3042 *m

1405 3084 1457 3172 G.
1489 3087 1813 3183 Buchdolzcro.

1181 3259 1204 3332 †
1223 3259 1257 3313 Er
1271 3276 1364 3333 apogr.
1382 3258 1411 3314 iu
1425 3261 1488 3318 cod.
1504 3261 1587 3322 Paris.
1607 3265 1642 3326 D.
1660 3269 1691 3324 L.
1706 3267 1765 3324 54⁸.

1320 3411 1530 3515 Georgio
1556 3417 1897 3505 Balchdolaero.

1116 3549 1164 3636 S.
1188 3559 1233 3634 D.
1275 3561 1487 3634 Venerande
1502 3567 1605 3636 viret
1619 3571 1796 3640 carissime
1811 3574 1930 3648 frater.
1969 3572 2103 3669 Scripsi

1117 3667 1160 3734 ad
1185 3677 1219 3731 te
1248 3686 1361 3754 nuper
1383 3669 1428 3734 de
1457 3669 1651 3758 praesentia
1677 3673 1737 3739 filii
1763 3673 1828 3742 Dei
1859 3676 1895 3744 in
1916 3673 2103 3769 Evangelii

1117 3765 1334 3849 ministerio,
1373 3791 1441 3859 qua
1468 3793 1530 3858 per
1557 3793 1637 3838 eum
1661 3775 1796 3864 colligit
1819 3795 1981 3849 aeternus
2004 3798 2103 3872 pater

1118 3865 1310 3937 Ecclesiam
1326 3867 1364 3935 in
1378 3862 1442 3936 hac
1456 3873 1539 3956 vita,
1556 3872 1645 3941 sicut
1659 3875 1804 3948 dicitur:
1827 3883 1940 3950 tradet
1954 3905 2103 3971 regnum

1120 3969 1194 4039 Deo
1209 3982 1244 4037 et
1256 3969 1358 4060 patri.
1410 3968 1464 4039 De
1478 3972 1540 4042 illa
1557 3989 1675 4044 nostro
1693 3981 1922 4070 responsione
1936 3984 2024 4053 scire
2041 4007 2104 4054 cu-

1121 4073 1199 4163 pio,
1236 4093 1281 4138 an
1306 4095 1380 4138 eam
1403 4076 1593 4164 acceperis,
1625 4082 1766 4171 etquid
1796 4083 1940 4155 iudices.
1999 4083 2105 4157 Nunc

1121 4175 1230 4260 igitur
1246 4185 1322 4241 tuas
1338 4173 1456 4242 literas
1469 4176 1607 4268 flagito,
1634 4181 1739 4248 simul
1756 4199 1871 4252 autem
1888 4198 1978 4274 peto,
2003 4187 2108 4258 ut'sil

79 4289 182 4360 Bene
196 4288 273 4356 vale
290 4299 325 4356 et
346 4285 516 4365 rescribe,
543 4285 680 4378 quoties
705 4287 856 4376 poteris,
881 4287 939 4356 die
961 4287 996 4358 6.
1015 4285 1071 4357 la.
1123 4270 1308 4392 damnosior
1322 4275 1559 4393 offensionum
1575 4280 1666 4396 inter
1683 4296 1714 4350 te
1730 4297 1762 4352 et
1780 4276 1987 4364 Crotonem.
2035 4287 2108 4408 blec

80 4389 217 4462 nuarii.
250 4385 361 4457 Vobis
377 4387 544 4456 omnibus
560 4387 706 4457 salutem
722 4402 816 4480 opto.
859 4387 1073 4482 Turcipro-
1124 4381 1166 4446 de
1182 4401 1293 4494 causis
1310 4379 1464 4468 dlspulO·
1499 4378 1601 4464 V0¹⁰‚
1625 4405 1686 4450 VOS
1701 4409 1823 4456 omnes
1836 4405 1981 4508 propter
1995 4391 2109 4462 lilium

81 4495 217 4564 cedunt
236 4491 274 4558 in
291 4487 472 4579 Hungaria
488 4501 521 4556 et
535 4489 687 4557 subinde
703 4491 805 4582 plura
823 4493 953 4581 oppida
969 4515 1070 4560 occu·
1125 4478 1191 4549 Del
1215 4493 1421 4548 ⁶011¹11110108
1445 4501 1539 4598 esse-¹
1565 4479 1621 4599 ln
1645 4479 1711 4554 hoc
1733 4503 1873 4606 negoho
1890 4506 1994 4561 etiam
2017 4493 2110 4575 v⁰l⁰s

80 4609 184 4688 pant.
235 4589 304 4663 Sed
327 4587 412 4660 haec
438 4591 533 4659 scitis
556 4613 597 4658 ex
620 4591 743 4659 aulicis
761 4591 882 4660 literis.
935 4589 1074 4662 Rursus
1127 4594 1160 4648 le
1179 4593 1322 4696 propter
1339 4604 1449 4648 meam
1471 4600 1661 4655 amicitiam
1680 4585 1941 4705 intscxeocrpos‘
1957 4589 2012 4688 **)
2029 4617 2113 4668 esse.

83 4698 193 4767 etiam
218 4691 392 4786 praesidia
412 4691 630 4782 colliguntur
654 4693 698 4760 ad
715 4690 900 4764 Moenum.
952 4689 1075 4763 Etdie
1127 4681 1287 4752 Sfflb‘dm
1319 4681 1441 4798 Plurfl,
1481 4699 1664 4805 1111111615
1693 4691 1812 4761 literas
1841 4719 2018 4787 accepero.
2067 4691 2116 4768 Et

82 4797 148 4870 29.
165 4793 330 4868 Decemb.
355 4795 476 4864 multis
498 4793 584 4861 locis
606 4787 721 4860 iubis
744 4793 949 4885 regionibus
974 4795 1077 4864 llam-
1129 4785 1198 4852 iam
1221 4787 1262 4852 ³1¹
1284 4799 1423 4900 6660113
1445 4787 1690 4906 61019811ξὸ1Μᾶ
1712 4797 1869 4864 eundum
1887 4811 1968 4870 erat.
2018 4794 2116 4867 Bene

85 4924 169 4970 mae
187 4921 228 4968 ex
244 4901 323 4968 aire
340 4897 378 4966 in
394 4895 525 4988 oppida
541 4893 760 4969 deciderunt.
809 4893 851 4968 B.
869 4893 912 4964 V.
1133 4887 1220 4959 vale.
1271 4883 1338 4954 Die
1365 4889 1421 4960 12.
1439 4885 1606 4963 lanuarn.

829 5009 1030 5110 Philippus.
1873 4995 2071 5094 Philippus.

1140 5093 1352 5104 -----—.-.-

91 5125 299 5138 -n—--n-n--n

1169 5234 1197 5301 ⁸)
1220 5233 1282 5288 lter.
1305 5231 1384 5286 babet
1409 5250 1473 5287 ann.
1504 5235 1596 5310 155⁰„
1619 5239 1666 5296 sed
1693 5243 1839 5308 menduces
1867 5247 1966 5319 scripte
1991 5247 2071 5306 enim
2087 5258 2128 5316 est

1208 5321 1282 5355 auno
1302 5302 1379 5356 1556.

1109 5459 1120 5469 .
1179 5400 1229 5472 **)
1248 5405 1351 5478 dms.
1369 5401 1550 5464 mulctarer.
1570 5442 1576 5458 .

1503 5483 1558 5557 42
1569 5477 1589 5520 '

127 5261 157 5327 *)
176 5255 289 5312 ineunte
307 5271 381 5310 enno
400 5249 511 5324 epistola
530 5263 570 5308 est
591 5253 700 5327 scripte.
738 5251 800 5311 Vid.
819 5270 864 5324 ep.
882 5251 908 5310 d.
926 5255 953 5310 d.
975 5257 1016 5310 12.
1038 5257 1082 5312 le·

164 5326 259 5450 ηὲιὲἑιί.
306 5323 450 5379 Caeterum
479 5321 552 5378 conl.
577 5341 620 5394 ep.
647 5327 682 5380 ad
705 5322 880 5379 Praetorium
905 5325 934 5378 d.
958 5325 1001 5379 20.
1024 5327 1084 5383 leo.

168 5399 181 5447 l
234 5435 242 5452 .
