<?xml version="1.0" encoding="UTF-8"?>
<!DOCTYPE html PUBLIC "-//W3C//DTD XHTML 1.0 Transitional//EN"
    "http://www.w3.org/TR/xhtml1/DTD/xhtml1-transitional.dtd">
<html xmlns="http://www.w3.org/1999/xhtml" xml:lang="en" lang="en">
 <head>
  <title>
</title>
<meta http-equiv="Content-Type" content="text/html;charset=utf-8" />
  <meta name='ocr-system' content='tesseract 3.04.00' />
  <meta name='ocr-capabilities' content='ocr_page ocr_carea ocr_par ocr_line ocrx_word'/>
</head>
<body>
  <div class='ocr_page' id='page_1' title='image "./corpusreformato22melagoog/corpusreformato22melagoog_0320.png"; bbox 0 0 4688 5816; ppageno 0'>
   <div class='ocr_carea' id='block_1_1' title="bbox 78 241 2118 344">
    <p class='ocr_par' dir='ltr' id='par_1_1' title="bbox 78 241 2118 344">
     <span class='ocr_line' id='line_1_1' title="bbox 78 241 2118 344; baseline -0.002 -20"><span class='ocrx_word' id='word_1_1' title='bbox 78 247 156 324; x_wconf 83' lang='lat' dir='ltr'>sos</span> <span class='ocrx_word' id='word_1_2' title='bbox 260 281 264 288; x_wconf 93' lang='lat'><em>-</em></span> <span class='ocrx_word' id='word_1_3' title='bbox 653 241 1090 344; x_wconf 78' lang='lat' dir='ltr'>nassronaaou</span> <span class='ocrx_word' id='word_1_4' title='bbox 1139 241 1249 318; x_wconf 81' lang='lat' dir='ltr'>orn</span> <span class='ocrx_word' id='word_1_5' title='bbox 1273 241 1355 318; x_wconf 81' lang='lat' dir='ltr'>ru</span> <span class='ocrx_word' id='word_1_6' title='bbox 1409 243 1540 324; x_wconf 78' lang='lat' dir='ltr'>assa.</span> <span class='ocrx_word' id='word_1_7' title='bbox 2043 243 2118 320; x_wconf 81' lang='lat' dir='ltr'>aas</span> 
     </span>
    </p>
   </div>
   <div class='ocr_carea' id='block_1_2' title="bbox 65 415 2200 4896">
    <p class='ocr_par' dir='ltr' id='par_1_2' title="bbox 65 415 2200 4896">
     <span class='ocr_line' id='line_1_2' title="bbox 79 415 2115 510; baseline -0.001 -16"><span class='ocrx_word' id='word_1_8' title='bbox 79 425 181 494; x_wconf 86' lang='lat' dir='ltr'>desse</span> <span class='ocrx_word' id='word_1_9' title='bbox 194 425 239 494; x_wconf 89' lang='lat' dir='ltr'>ad</span> <span class='ocrx_word' id='word_1_10' title='bbox 255 422 498 510; x_wconf 87' lang='lat' dir='ltr'>concordiam;</span> <span class='ocrx_word' id='word_1_11' title='bbox 525 422 605 494; x_wconf 88' lang='lat' dir='ltr'>ideo</span> <span class='ocrx_word' id='word_1_12' title='bbox 620 445 687 503; x_wconf 86' lang='lat' dir='ltr'>nos</span> <span class='ocrx_word' id='word_1_13' title='bbox 705 417 890 494; x_wconf 74' lang='lat' dir='ltr'>instituere</span> <span class='ocrx_word' id='word_1_14' title='bbox 902 419 1071 490; x_wconf 86' lang='lat' dir='ltr'>concilia·</span> <span class='ocrx_word' id='word_1_15' title='bbox 1127 439 1232 488; x_wconf 88' lang='lat' dir='ltr'>nemo</span> <span class='ocrx_word' id='word_1_16' title='bbox 1247 415 1417 508; x_wconf 77' lang='lat' dir='ltr'>recipitur</span> <span class='ocrx_word' id='word_1_17' title='bbox 1430 433 1491 492; x_wconf 86' lang='lat' dir='ltr'>aut</span> <span class='ocrx_word' id='word_1_18' title='bbox 1507 422 1695 494; x_wconf 78' lang='lat' dir='ltr'>exauditur</span> <span class='ocrx_word' id='word_1_19' title='bbox 1711 433 1744 494; x_wconf 91' lang='lat' dir='ltr'>et</span> <span class='ocrx_word' id='word_1_20' title='bbox 1759 421 1933 507; x_wconf 87' lang='lat' dir='ltr'>salvatur,</span> <span class='ocrx_word' id='word_1_21' title='bbox 1957 419 2029 492; x_wconf 89' lang='lat' dir='ltr'>nisi</span> <span class='ocrx_word' id='word_1_22' title='bbox 2053 443 2115 492; x_wconf 88' lang='lat' dir='ltr'>ve-</span> 
     </span>
     <span class='ocr_line' id='line_1_3' title="bbox 80 519 2114 617; baseline -0.001 -20"><span class='ocrx_word' id='word_1_23' title='bbox 80 529 197 597; x_wconf 69' lang='lat' dir='ltr'>dones</span> <span class='ocrx_word' id='word_1_24' title='bbox 211 539 246 596; x_wconf 90' lang='lat' dir='ltr'>et</span> <span class='ocrx_word' id='word_1_25' title='bbox 261 525 763 596; x_wconf 81' lang='lat' dir='ltr'>commixtionesdiversarum</span> <span class='ocrx_word' id='word_1_26' title='bbox 782 523 993 616; x_wconf 88' lang='lat' dir='ltr'>opinionum</span> <span class='ocrx_word' id='word_1_27' title='bbox 1008 545 1073 592; x_wconf 84' lang='lat' dir='ltr'>ne-</span> <span class='ocrx_word' id='word_1_28' title='bbox 1125 519 1229 590; x_wconf 86' lang='lat' dir='ltr'>stitus</span> <span class='ocrx_word' id='word_1_29' title='bbox 1251 519 1387 592; x_wconf 90' lang='lat' dir='ltr'>iustitia</span> <span class='ocrx_word' id='word_1_30' title='bbox 1423 522 1606 612; x_wconf 80' lang='lat' dir='ltr'>originali,</span> <span class='ocrx_word' id='word_1_31' title='bbox 1646 547 1736 617; x_wconf 86' lang='lat' dir='ltr'>quae</span> <span class='ocrx_word' id='word_1_32' title='bbox 1762 539 1814 596; x_wconf 88' lang='lat' dir='ltr'>est</span> <span class='ocrx_word' id='word_1_33' title='bbox 1835 521 2016 608; x_wconf 90' lang='lat' dir='ltr'>Christus,</span> <span class='ocrx_word' id='word_1_34' title='bbox 2050 522 2114 616; x_wconf 88' lang='lat' dir='ltr'>qui</span> 
     </span>
     <span class='ocr_line' id='line_1_4' title="bbox 79 619 2200 722; baseline -0 -26"><span class='ocrx_word' id='word_1_35' title='bbox 79 651 260 722; x_wconf 86' lang='lat' dir='ltr'>quaquam</span> <span class='ocrx_word' id='word_1_36' title='bbox 277 630 454 712; x_wconf 90' lang='lat' dir='ltr'>volumus,</span> <span class='ocrx_word' id='word_1_37' title='bbox 476 653 517 697; x_wconf 94' lang='lat' dir='ltr'>ac</span> <span class='ocrx_word' id='word_1_38' title='bbox 529 628 606 698; x_wconf 88' lang='lat' dir='ltr'>sine</span> <span class='ocrx_word' id='word_1_39' title='bbox 622 627 850 718; x_wconf 80' lang='lat' dir='ltr'>ambiguitate</span> <span class='ocrx_word' id='word_1_40' title='bbox 866 623 1072 718; x_wconf 87' lang='lat' dir='ltr'>simpliciter</span> <span class='ocrx_word' id='word_1_41' title='bbox 1124 619 1236 692; x_wconf 85' lang='lat' dir='ltr'>iactus</span> <span class='ocrx_word' id='word_1_42' title='bbox 1255 624 1427 694; x_wconf 87' lang='lat' dir='ltr'>estnobis</span> <span class='ocrx_word' id='word_1_43' title='bbox 1448 623 1720 698; x_wconf 88' lang='lat' dir='ltr'>aDeoiustitia.</span> <span class='ocrx_word' id='word_1_44' title='bbox 1771 625 1873 696; x_wconf 87' lang='lat' dir='ltr'>Talia</span> <span class='ocrx_word' id='word_1_45' title='bbox 1891 629 2002 697; x_wconf 90' lang='lat' dir='ltr'>multa</span> <span class='ocrx_word' id='word_1_46' title='bbox 2026 649 2114 696; x_wconf 89' lang='lat' dir='ltr'>con·</span> <span class='ocrx_word' id='word_1_47' title='bbox 2197 635 2200 649; x_wconf 92' lang='lat'>&#39;</span> 
     </span>
     <span class='ocr_line' id='line_1_5' title="bbox 79 723 2112 824; baseline -0.001 -25"><span class='ocrx_word' id='word_1_48' title='bbox 79 732 289 810; x_wconf 75' lang='lat' dir='ltr'>recitamus,</span> <span class='ocrx_word' id='word_1_49' title='bbox 317 730 402 824; x_wconf 91' lang='lat' dir='ltr'>quid</span> <span class='ocrx_word' id='word_1_50' title='bbox 419 732 625 822; x_wconf 90' lang='lat' dir='ltr'>probemus,</span> <span class='ocrx_word' id='word_1_51' title='bbox 651 731 738 824; x_wconf 88' lang='lat' dir='ltr'>quid</span> <span class='ocrx_word' id='word_1_52' title='bbox 756 753 829 799; x_wconf 87' lang='lat' dir='ltr'>non</span> <span class='ocrx_word' id='word_1_53' title='bbox 845 730 1045 822; x_wconf 87' lang='lat' dir='ltr'>probemus.</span> <span class='ocrx_word' id='word_1_54' title='bbox 1123 723 1199 794; x_wconf 85' lang='lat' dir='ltr'>fuse</span> <span class='ocrx_word' id='word_1_55' title='bbox 1216 724 1321 810; x_wconf 88' lang='lat' dir='ltr'>dicta,</span> <span class='ocrx_word' id='word_1_56' title='bbox 1340 726 1403 796; x_wconf 89' lang='lat' dir='ltr'>etsi</span> <span class='ocrx_word' id='word_1_57' title='bbox 1416 726 1523 796; x_wconf 92' lang='lat' dir='ltr'>leniri</span> <span class='ocrx_word' id='word_1_58' title='bbox 1535 728 1799 819; x_wconf 89' lang='lat' dir='ltr'>interpretando</span> <span class='ocrx_word' id='word_1_59' title='bbox 1814 743 1971 820; x_wconf 81' lang='lat' dir='ltr'>possunt,</span> <span class='ocrx_word' id='word_1_60' title='bbox 1993 741 2112 800; x_wconf 88' lang='lat' dir='ltr'>tamen</span> 
     </span>
     <span class='ocr_line' id='line_1_6' title="bbox 183 825 2112 926; baseline -0.003 -24"><span class='ocrx_word' id='word_1_61' title='bbox 183 829 287 902; x_wconf 90' lang='lat' dir='ltr'>Nunc</span> <span class='ocrx_word' id='word_1_62' title='bbox 309 833 418 920; x_wconf 88' lang='lat' dir='ltr'>igitur</span> <span class='ocrx_word' id='word_1_63' title='bbox 439 835 484 902; x_wconf 91' lang='lat' dir='ltr'>de</span> <span class='ocrx_word' id='word_1_64' title='bbox 509 833 665 925; x_wconf 88' lang='lat' dir='ltr'>scriptis,</span> <span class='ocrx_word' id='word_1_65' title='bbox 690 855 781 926; x_wconf 89' lang='lat' dir='ltr'>quae</span> <span class='ocrx_word' id='word_1_66' title='bbox 795 829 945 902; x_wconf 88' lang='lat' dir='ltr'>Senatus</span> <span class='ocrx_word' id='word_1_67' title='bbox 966 829 1071 904; x_wconf 87' lang='lat' dir='ltr'>nobis</span> <span class='ocrx_word' id='word_1_68' title='bbox 1123 825 1320 915; x_wconf 84' lang='lat' dir='ltr'>significant</span> <span class='ocrx_word' id='word_1_69' title='bbox 1347 829 1505 900; x_wconf 89' lang='lat' dir='ltr'>studium</span> <span class='ocrx_word' id='word_1_70' title='bbox 1536 829 1769 902; x_wconf 87' lang='lat' dir='ltr'>dissentiendi</span> <span class='ocrx_word' id='word_1_71' title='bbox 1795 855 1816 900; x_wconf 91' lang='lat' dir='ltr'>a</span> <span class='ocrx_word' id='word_1_72' title='bbox 1837 844 1975 924; x_wconf 90' lang='lat' dir='ltr'>recepta</span> <span class='ocrx_word' id='word_1_73' title='bbox 1997 831 2112 900; x_wconf 80' lang='lat' dir='ltr'>sonna</span> 
     </span>
     <span class='ocr_line' id='line_1_7' title="bbox 78 927 1315 1026; baseline -0.002 -22"><span class='ocrx_word' id='word_1_74' title='bbox 78 927 261 1018; x_wconf 84' lang='lat' dir='ltr'>exhibuit,</span> <span class='ocrx_word' id='word_1_75' title='bbox 301 933 484 1026; x_wconf 88' lang='lat' dir='ltr'>perspicue</span> <span class='ocrx_word' id='word_1_76' title='bbox 521 949 556 1005; x_wconf 89' lang='lat' dir='ltr'>et</span> <span class='ocrx_word' id='word_1_77' title='bbox 587 936 716 1005; x_wconf 87' lang='lat' dir='ltr'>diserte</span> <span class='ocrx_word' id='word_1_78' title='bbox 748 932 1070 1025; x_wconf 81' lang='lat' dir='ltr'>pronuntiabimus.</span> <span class='ocrx_word' id='word_1_79' title='bbox 1122 928 1315 1002; x_wconf 89' lang='lat' dir='ltr'>doctrinae.</span> 
     </span>
     <span class='ocr_line' id='line_1_8' title="bbox 77 1027 2110 1128; baseline -0.001 -23"><span class='ocrx_word' id='word_1_80' title='bbox 77 1034 153 1105; x_wconf 88' lang='lat' dir='ltr'>Nos</span> <span class='ocrx_word' id='word_1_81' title='bbox 167 1036 378 1105; x_wconf 86' lang='lat' dir='ltr'>sententiam</span> <span class='ocrx_word' id='word_1_82' title='bbox 396 1051 432 1106; x_wconf 92' lang='lat' dir='ltr'>et</span> <span class='ocrx_word' id='word_1_83' title='bbox 446 1037 596 1105; x_wconf 83' lang='lat' dir='ltr'>formam</span> <span class='ocrx_word' id='word_1_84' title='bbox 614 1037 813 1122; x_wconf 91' lang='lat' dir='ltr'>doctrinae,</span> <span class='ocrx_word' id='word_1_85' title='bbox 836 1047 1009 1128; x_wconf 86' lang='lat' dir='ltr'>receptam</span> <span class='ocrx_word' id='word_1_86' title='bbox 1029 1033 1068 1102; x_wconf 90' lang='lat' dir='ltr'>in</span> <span class='ocrx_word' id='word_1_87' title='bbox 1222 1027 1362 1120; x_wconf 79' lang='lat' dir='ltr'>Pugnat</span> <span class='ocrx_word' id='word_1_88' title='bbox 1390 1031 1538 1104; x_wconf 90' lang='lat' dir='ltr'>astutius</span> <span class='ocrx_word' id='word_1_89' title='bbox 1566 1029 1735 1106; x_wconf 71' lang='lat' dir='ltr'>Vallatus</span> <span class='ocrx_word' id='word_1_90' title='bbox 1757 1028 1825 1128; x_wconf 80' lang='lat'>⁴⁸),</span> <span class='ocrx_word' id='word_1_91' title='bbox 1863 1059 1942 1105; x_wconf 89' lang='lat' dir='ltr'>cum</span> <span class='ocrx_word' id='word_1_92' title='bbox 1973 1033 2110 1103; x_wconf 86' lang='lat' dir='ltr'>citasset</span> 
     </span>
     <span class='ocr_line' id='line_1_9' title="bbox 79 1130 2110 1232; baseline -0.003 -26"><span class='ocrx_word' id='word_1_93' title='bbox 79 1137 213 1208; x_wconf 87' lang='lat' dir='ltr'>nostris</span> <span class='ocrx_word' id='word_1_94' title='bbox 228 1135 409 1222; x_wconf 86' lang='lat' dir='ltr'>Ecclesiis,</span> <span class='ocrx_word' id='word_1_95' title='bbox 425 1161 514 1232; x_wconf 86' lang='lat' dir='ltr'>quae</span> <span class='ocrx_word' id='word_1_96' title='bbox 530 1140 729 1210; x_wconf 82' lang='lat' dir='ltr'>refutarunt</span> <span class='ocrx_word' id='word_1_97' title='bbox 743 1133 974 1222; x_wconf 90' lang='lat' dir='ltr'>Osiandrum,</span> <span class='ocrx_word' id='word_1_98' title='bbox 988 1159 1070 1206; x_wconf 91' lang='lat' dir='ltr'>sen·</span> <span class='ocrx_word' id='word_1_99' title='bbox 1122 1130 1258 1202; x_wconf 88' lang='lat' dir='ltr'>dictum</span> <span class='ocrx_word' id='word_1_100' title='bbox 1280 1131 1400 1203; x_wconf 91' lang='lat' dir='ltr'>Pauli:</span> <span class='ocrx_word' id='word_1_101' title='bbox 1440 1133 1639 1230; x_wconf 79' lang='lat' dir='ltr'>peronius</span> <span class='ocrx_word' id='word_1_102' title='bbox 1662 1133 1844 1206; x_wconf 81' lang='lat' dir='ltr'>iustitiam</span> <span class='ocrx_word' id='word_1_103' title='bbox 1869 1131 1980 1204; x_wconf 86' lang='lat' dir='ltr'>multi</span> <span class='ocrx_word' id='word_1_104' title='bbox 2002 1130 2110 1204; x_wconf 84' lang='lat' dir='ltr'>iusti-</span> 
     </span>
     <span class='ocr_line' id='line_1_10' title="bbox 77 1227 2111 1336; baseline -0.002 -27"><span class='ocrx_word' id='word_1_105' title='bbox 77 1239 189 1309; x_wconf 89' lang='lat' dir='ltr'>timus</span> <span class='ocrx_word' id='word_1_106' title='bbox 209 1261 283 1308; x_wconf 85' lang='lat' dir='ltr'>esse</span> <span class='ocrx_word' id='word_1_107' title='bbox 300 1263 438 1323; x_wconf 90' lang='lat' dir='ltr'>veram,</span> <span class='ocrx_word' id='word_1_108' title='bbox 463 1253 498 1310; x_wconf 92' lang='lat' dir='ltr'>et</span> <span class='ocrx_word' id='word_1_109' title='bbox 511 1238 554 1336; x_wconf 70' lang='lat'>⁴³)</span> <span class='ocrx_word' id='word_1_110' title='bbox 572 1265 653 1310; x_wconf 91' lang='lat' dir='ltr'>cnm</span> <span class='ocrx_word' id='word_1_111' title='bbox 676 1235 742 1310; x_wconf 90' lang='lat' dir='ltr'>bac</span> <span class='ocrx_word' id='word_1_112' title='bbox 763 1261 956 1330; x_wconf 76' lang='lat' dir='ltr'>congruere</span> <span class='ocrx_word' id='word_1_113' title='bbox 974 1236 1070 1308; x_wconf 89' lang='lat' dir='ltr'>iudi·</span> <span class='ocrx_word' id='word_1_114' title='bbox 1109 1227 1296 1325; x_wconf 82' lang='lat' dir='ltr'>ficantur;</span> <span class='ocrx_word' id='word_1_115' title='bbox 1328 1235 1393 1306; x_wconf 91' lang='lat' dir='ltr'>ubi</span> <span class='ocrx_word' id='word_1_116' title='bbox 1417 1233 1549 1306; x_wconf 87' lang='lat' dir='ltr'>Paulus</span> <span class='ocrx_word' id='word_1_117' title='bbox 1570 1263 1654 1309; x_wconf 86' lang='lat' dir='ltr'>mox</span> <span class='ocrx_word' id='word_1_118' title='bbox 1674 1240 1791 1324; x_wconf 86' lang='lat' dir='ltr'>addit,</span> <span class='ocrx_word' id='word_1_119' title='bbox 1820 1261 1887 1336; x_wconf 84' lang='lat' dir='ltr'>prr</span> <span class='ocrx_word' id='word_1_120' title='bbox 1902 1236 2013 1308; x_wconf 85' lang='lat' dir='ltr'>unius</span> <span class='ocrx_word' id='word_1_121' title='bbox 2028 1231 2111 1305; x_wconf 86' lang='lat' dir='ltr'>obc-</span> 
     </span>
     <span class='ocr_line' id='line_1_11' title="bbox 77 1330 2110 1440; baseline -0.002 -30"><span class='ocrx_word' id='word_1_122' title='bbox 77 1363 199 1410; x_wconf 88' lang='lat' dir='ltr'>eamus</span> <span class='ocrx_word' id='word_1_123' title='bbox 222 1339 391 1432; x_wconf 88' lang='lat' dir='ltr'>scriptum</span> <span class='ocrx_word' id='word_1_124' title='bbox 406 1335 565 1411; x_wconf 84' lang='lat' dir='ltr'>Besoldi</span> <span class='ocrx_word' id='word_1_125' title='bbox 581 1340 622 1440; x_wconf 75' lang='lat'>¹¹)</span> <span class='ocrx_word' id='word_1_126' title='bbox 645 1355 680 1415; x_wconf 91' lang='lat' dir='ltr'>et</span> <span class='ocrx_word' id='word_1_127' title='bbox 699 1341 768 1435; x_wconf 88' lang='lat' dir='ltr'>ipsi</span> <span class='ocrx_word' id='word_1_128' title='bbox 783 1343 1068 1412; x_wconf 85' lang='lat' dir='ltr'>coniunctorum.</span> <span class='ocrx_word' id='word_1_129' title='bbox 1122 1330 1312 1406; x_wconf 81' lang='lat' dir='ltr'>dientiam.</span> <span class='ocrx_word' id='word_1_130' title='bbox 1348 1335 1515 1408; x_wconf 89' lang='lat' dir='ltr'>Vetterus</span> <span class='ocrx_word' id='word_1_131' title='bbox 1529 1334 1595 1410; x_wconf 91' lang='lat' dir='ltr'>bac</span> <span class='ocrx_word' id='word_1_132' title='bbox 1611 1353 1708 1430; x_wconf 88' lang='lat' dir='ltr'>parte</span> <span class='ocrx_word' id='word_1_133' title='bbox 1723 1341 1953 1426; x_wconf 89' lang='lat' dir='ltr'>dissimulata,</span> <span class='ocrx_word' id='word_1_134' title='bbox 1979 1339 2110 1407; x_wconf 88' lang='lat' dir='ltr'>deinde</span> 
     </span>
     <span class='ocr_line' id='line_1_12' title="bbox 77 1436 2110 1538; baseline -0.002 -26"><span class='ocrx_word' id='word_1_135' title='bbox 77 1439 201 1530; x_wconf 88' lang='lat' dir='ltr'>Quare</span> <span class='ocrx_word' id='word_1_136' title='bbox 218 1444 254 1512; x_wconf 90' lang='lat' dir='ltr'>id</span> <span class='ocrx_word' id='word_1_137' title='bbox 270 1443 440 1535; x_wconf 82' lang='lat' dir='ltr'>scripturn</span> <span class='ocrx_word' id='word_1_138' title='bbox 463 1447 700 1538; x_wconf 83' lang='lat' dir='ltr'>approbamus</span> <span class='ocrx_word' id='word_1_139' title='bbox 717 1458 752 1515; x_wconf 89' lang='lat' dir='ltr'>et</span> <span class='ocrx_word' id='word_1_140' title='bbox 771 1443 870 1535; x_wconf 90' lang='lat' dir='ltr'>pium</span> <span class='ocrx_word' id='word_1_141' title='bbox 892 1465 964 1513; x_wconf 89' lang='lat' dir='ltr'>esse</span> <span class='ocrx_word' id='word_1_142' title='bbox 986 1465 1069 1512; x_wconf 87' lang='lat' dir='ltr'>cen·</span> <span class='ocrx_word' id='word_1_143' title='bbox 1121 1436 1291 1508; x_wconf 90' lang='lat' dir='ltr'>iustitiam</span> <span class='ocrx_word' id='word_1_144' title='bbox 1320 1436 1572 1531; x_wconf 89' lang='lat' dir='ltr'>interpretatur</span> <span class='ocrx_word' id='word_1_145' title='bbox 1592 1443 1711 1512; x_wconf 93' lang='lat' dir='ltr'>Deum</span> <span class='ocrx_word' id='word_1_146' title='bbox 1740 1445 1875 1535; x_wconf 87' lang='lat' dir='ltr'>ipsum,</span> <span class='ocrx_word' id='word_1_147' title='bbox 1908 1457 1942 1512; x_wconf 88' lang='lat' dir='ltr'>et</span> <span class='ocrx_word' id='word_1_148' title='bbox 1963 1442 2110 1511; x_wconf 90' lang='lat' dir='ltr'>tandem</span> 
     </span>
     <span class='ocr_line' id='line_1_13' title="bbox 76 1539 2109 1631; baseline -0.001 -19"><span class='ocrx_word' id='word_1_149' title='bbox 76 1567 217 1630; x_wconf 87' lang='lat' dir='ltr'>semus,</span> <span class='ocrx_word' id='word_1_150' title='bbox 250 1545 525 1631; x_wconf 64' lang='lat' dir='ltr'>ettiuclicamus,</span> <span class='ocrx_word' id='word_1_151' title='bbox 557 1547 645 1618; x_wconf 88' lang='lat' dir='ltr'>utile</span> <span class='ocrx_word' id='word_1_152' title='bbox 664 1569 738 1617; x_wconf 90' lang='lat' dir='ltr'>esse</span> <span class='ocrx_word' id='word_1_153' title='bbox 760 1546 969 1618; x_wconf 86' lang='lat' dir='ltr'>concordiae</span> <span class='ocrx_word' id='word_1_154' title='bbox 991 1567 1067 1614; x_wconf 87' lang='lat' dir='ltr'>eam</span> <span class='ocrx_word' id='word_1_155' title='bbox 1120 1540 1219 1611; x_wconf 86' lang='lat' dir='ltr'>addit</span> <span class='ocrx_word' id='word_1_156' title='bbox 1241 1542 1521 1626; x_wconf 86' lang='lat' dir='ltr'>conclusionem,</span> <span class='ocrx_word' id='word_1_157' title='bbox 1553 1539 1715 1614; x_wconf 89' lang='lat' dir='ltr'>homines</span> <span class='ocrx_word' id='word_1_158' title='bbox 1734 1545 1846 1615; x_wconf 88' lang='lat' dir='ltr'>iustos</span> <span class='ocrx_word' id='word_1_159' title='bbox 1878 1568 1951 1614; x_wconf 89' lang='lat' dir='ltr'>esse</span> <span class='ocrx_word' id='word_1_160' title='bbox 1974 1539 2109 1612; x_wconf 88' lang='lat' dir='ltr'>iustitia</span> 
     </span>
     <span class='ocr_line' id='line_1_14' title="bbox 77 1641 2108 1740; baseline -0.001 -27"><span class='ocrx_word' id='word_1_161' title='bbox 77 1647 230 1716; x_wconf 78' lang='lat' dir='ltr'>sormam</span> <span class='ocrx_word' id='word_1_162' title='bbox 264 1647 433 1740; x_wconf 89' lang='lat' dir='ltr'>loquendi</span> <span class='ocrx_word' id='word_1_163' title='bbox 466 1649 630 1722; x_wconf 89' lang='lat' dir='ltr'>retinere.</span> <span class='ocrx_word' id='word_1_164' title='bbox 695 1646 835 1720; x_wconf 83' lang='lat' dir='ltr'>Deinde</span> <span class='ocrx_word' id='word_1_165' title='bbox 865 1647 904 1718; x_wconf 90' lang='lat' dir='ltr'>iu</span> <span class='ocrx_word' id='word_1_166' title='bbox 937 1647 1068 1738; x_wconf 89' lang='lat' dir='ltr'>scripto</span> <span class='ocrx_word' id='word_1_167' title='bbox 1121 1641 1297 1712; x_wconf 87' lang='lat' dir='ltr'>essentiali</span> <span class='ocrx_word' id='word_1_168' title='bbox 1322 1641 1455 1728; x_wconf 86' lang='lat' dir='ltr'>Patris,</span> <span class='ocrx_word' id='word_1_169' title='bbox 1496 1642 1579 1714; x_wconf 87' lang='lat' dir='ltr'>Filii</span> <span class='ocrx_word' id='word_1_170' title='bbox 1607 1659 1643 1716; x_wconf 89' lang='lat' dir='ltr'>et</span> <span class='ocrx_word' id='word_1_171' title='bbox 1667 1645 1823 1738; x_wconf 85' lang='lat' dir='ltr'>Spiritus</span> <span class='ocrx_word' id='word_1_172' title='bbox 1850 1644 1887 1719; x_wconf 93' lang='lat' dir='ltr'>S.</span> <span class='ocrx_word' id='word_1_173' title='bbox 1945 1643 1998 1716; x_wconf 91' lang='lat' dir='ltr'>lta</span> <span class='ocrx_word' id='word_1_174' title='bbox 2033 1665 2108 1712; x_wconf 91' lang='lat' dir='ltr'>non</span> 
     </span>
     <span class='ocr_line' id='line_1_15' title="bbox 76 1735 2175 1841; baseline -0.001 -23"><span class='ocrx_word' id='word_1_175' title='bbox 76 1735 290 1818; x_wconf 83' lang='lat' dir='ltr'>Culmaum&#39;</span> <span class='ocrx_word' id='word_1_176' title='bbox 317 1749 520 1820; x_wconf 78' lang='lat' dir='ltr'>invenimus</span> <span class='ocrx_word' id='word_1_177' title='bbox 539 1751 782 1822; x_wconf 86' lang='lat' dir='ltr'>definitionem</span> <span class='ocrx_word' id='word_1_178' title='bbox 810 1749 963 1820; x_wconf 88' lang='lat' dir='ltr'>iustitiae</span> <span class='ocrx_word' id='word_1_179' title='bbox 989 1761 1069 1820; x_wconf 90' lang='lat' dir='ltr'>tan·</span> <span class='ocrx_word' id='word_1_180' title='bbox 1119 1742 1332 1814; x_wconf 87' lang='lat' dir='ltr'>discernitur</span> <span class='ocrx_word' id='word_1_181' title='bbox 1346 1741 1590 1828; x_wconf 88' lang='lat' dir='ltr'>†mediatora</span> <span class='ocrx_word' id='word_1_182' title='bbox 1608 1749 1752 1818; x_wconf 90' lang='lat' dir='ltr'>caeteris</span> <span class='ocrx_word' id='word_1_183' title='bbox 1770 1747 1940 1841; x_wconf 88' lang='lat' dir='ltr'>personis,</span> <span class='ocrx_word' id='word_1_184' title='bbox 1963 1740 2108 1838; x_wconf 51' lang='lat' dir='ltr'>neem)</span> <span class='ocrx_word' id='word_1_185' title='bbox 2168 1779 2175 1788; x_wconf 91' lang='lat'><em>·</em></span> 
     </span>
     <span class='ocr_line' id='line_1_16' title="bbox 74 1845 2108 1946; baseline -0.002 -25"><span class='ocrx_word' id='word_1_186' title='bbox 74 1865 154 1921; x_wconf 87' lang='lat' dir='ltr'>tum</span> <span class='ocrx_word' id='word_1_187' title='bbox 179 1850 327 1938; x_wconf 81' lang='lat' dir='ltr'>legalem</span> <span class='ocrx_word' id='word_1_188' title='bbox 347 1863 381 1920; x_wconf 90' lang='lat' dir='ltr'>et</span> <span class='ocrx_word' id='word_1_189' title='bbox 404 1847 672 1939; x_wconf 85' lang='lat' dir='ltr'>Osiandricam,</span> <span class='ocrx_word' id='word_1_190' title='bbox 697 1867 732 1926; x_wconf 89' lang='lat' dir='ltr'>et</span> <span class='ocrx_word' id='word_1_191' title='bbox 754 1851 935 1946; x_wconf 90' lang='lat' dir='ltr'>aliquanto</span> <span class='ocrx_word' id='word_1_192' title='bbox 958 1850 1068 1940; x_wconf 89' lang='lat' dir='ltr'>magis</span> <span class='ocrx_word' id='word_1_193' title='bbox 1119 1845 1356 1918; x_wconf 87' lang='lat' dir='ltr'>reconciliatio</span> <span class='ocrx_word' id='word_1_194' title='bbox 1375 1871 1437 1918; x_wconf 90' lang='lat' dir='ltr'>seu</span> <span class='ocrx_word' id='word_1_195' title='bbox 1451 1849 1606 1940; x_wconf 83' lang='lat' dir='ltr'>acceptio</span> <span class='ocrx_word' id='word_1_196' title='bbox 1627 1863 1773 1942; x_wconf 89' lang='lat' dir='ltr'>propter</span> <span class='ocrx_word' id='word_1_197' title='bbox 1794 1849 1999 1920; x_wconf 87' lang='lat' dir='ltr'>mediatoris</span> <span class='ocrx_word' id='word_1_198' title='bbox 2019 1848 2108 1917; x_wconf 88' lang='lat' dir='ltr'>obe-</span> 
     </span>
     <span class='ocr_line' id='line_1_17' title="bbox 74 1945 2069 2048; baseline 0 -28"><span class='ocrx_word' id='word_1_199' title='bbox 74 1952 330 2022; x_wconf 88' lang='lat' dir='ltr'>inconcinnam</span> <span class='ocrx_word' id='word_1_200' title='bbox 350 1947 406 2048; x_wconf 80' lang='lat'>⁴²).</span> <span class='ocrx_word' id='word_1_201' title='bbox 456 1949 594 2026; x_wconf 88' lang='lat' dir='ltr'>lustitia</span> <span class='ocrx_word' id='word_1_202' title='bbox 619 1954 760 2046; x_wconf 91' lang='lat' dir='ltr'>proprie</span> <span class='ocrx_word' id='word_1_203' title='bbox 778 1969 924 2025; x_wconf 85' lang='lat' dir='ltr'>vocatur</span> <span class='ocrx_word' id='word_1_204' title='bbox 944 1952 1069 2046; x_wconf 85' lang='lat' dir='ltr'>probi·</span> <span class='ocrx_word' id='word_1_205' title='bbox 1119 1947 1287 2018; x_wconf 90' lang='lat' dir='ltr'>dientiam</span> <span class='ocrx_word' id='word_1_206' title='bbox 1304 1971 1324 2018; x_wconf 90' lang='lat' dir='ltr'>a</span> <span class='ocrx_word' id='word_1_207' title='bbox 1339 1962 1505 2044; x_wconf 89' lang='lat' dir='ltr'>sequente</span> <span class='ocrx_word' id='word_1_208' title='bbox 1521 1945 1778 2021; x_wconf 84' lang='lat' dir='ltr'>inhabitatione</span> <span class='ocrx_word' id='word_1_209' title='bbox 1796 1975 1857 2022; x_wconf 90' lang='lat' dir='ltr'>seu</span> <span class='ocrx_word' id='word_1_210' title='bbox 1873 1949 2069 2022; x_wconf 85' lang='lat' dir='ltr'>effectione.</span> 
     </span>
     <span class='ocr_line' id='line_1_18' title="bbox 75 2045 2107 2151; baseline -0.003 -27"><span class='ocrx_word' id='word_1_211' title='bbox 75 2071 148 2139; x_wconf 91' lang='lat' dir='ltr'>tas,</span> <span class='ocrx_word' id='word_1_212' title='bbox 187 2077 294 2147; x_wconf 90' lang='lat' dir='ltr'>quam</span> <span class='ocrx_word' id='word_1_213' title='bbox 325 2055 525 2143; x_wconf 86' lang='lat' dir='ltr'>germanice</span> <span class='ocrx_word' id='word_1_214' title='bbox 548 2049 816 2151; x_wconf 72' lang='lat' dir='ltr'>Frb&#39;mmigleit</span> <span class='ocrx_word' id='word_1_215' title='bbox 831 2051 878 2148; x_wconf 82' lang='lat'>⁴³)</span> <span class='ocrx_word' id='word_1_216' title='bbox 906 2055 1068 2138; x_wconf 90' lang='lat' dir='ltr'>dicimus,</span> <span class='ocrx_word' id='word_1_217' title='bbox 1209 2045 1300 2120; x_wconf 92' lang='lat' dir='ltr'>Cum</span> <span class='ocrx_word' id='word_1_218' title='bbox 1316 2049 1423 2140; x_wconf 86' lang='lat' dir='ltr'>igitur</span> <span class='ocrx_word' id='word_1_219' title='bbox 1439 2051 1551 2122; x_wconf 89' lang='lat' dir='ltr'>insint</span> <span class='ocrx_word' id='word_1_220' title='bbox 1562 2054 1767 2124; x_wconf 81' lang='lat' dir='ltr'>manifestae</span> <span class='ocrx_word' id='word_1_221' title='bbox 1783 2053 2006 2124; x_wconf 79' lang='lat' dir='ltr'>confusiones</span> <span class='ocrx_word' id='word_1_222' title='bbox 2018 2047 2107 2122; x_wconf 87' lang='lat' dir='ltr'>Cul-</span> 
     </span>
     <span class='ocr_line' id='line_1_19' title="bbox 75 2149 2107 2252; baseline -0.003 -24"><span class='ocrx_word' id='word_1_223' title='bbox 75 2169 226 2225; x_wconf 87' lang='lat' dir='ltr'>vocatur</span> <span class='ocrx_word' id='word_1_224' title='bbox 247 2155 436 2244; x_wconf 83' lang='lat' dir='ltr'>singularis</span> <span class='ocrx_word' id='word_1_225' title='bbox 459 2157 571 2227; x_wconf 90' lang='lat' dir='ltr'>animi</span> <span class='ocrx_word' id='word_1_226' title='bbox 586 2162 759 2252; x_wconf 85' lang='lat' dir='ltr'>quaedam</span> <span class='ocrx_word' id='word_1_227' title='bbox 777 2159 933 2250; x_wconf 88' lang='lat' dir='ltr'>probitas</span> <span class='ocrx_word' id='word_1_228' title='bbox 955 2169 989 2226; x_wconf 90' lang='lat' dir='ltr'>et</span> <span class='ocrx_word' id='word_1_229' title='bbox 1003 2157 1067 2226; x_wconf 91' lang='lat' dir='ltr'>bo·</span> <span class='ocrx_word' id='word_1_230' title='bbox 1117 2149 1241 2220; x_wconf 90' lang='lat' dir='ltr'>manni</span> <span class='ocrx_word' id='word_1_231' title='bbox 1254 2165 1288 2224; x_wconf 90' lang='lat' dir='ltr'>et</span> <span class='ocrx_word' id='word_1_232' title='bbox 1304 2149 1440 2224; x_wconf 88' lang='lat' dir='ltr'>Vetteri</span> <span class='ocrx_word' id='word_1_233' title='bbox 1461 2154 1616 2245; x_wconf 88' lang='lat' dir='ltr'>seriptis,</span> <span class='ocrx_word' id='word_1_234' title='bbox 1642 2157 1715 2224; x_wconf 86' lang='lat' dir='ltr'>sive</span> <span class='ocrx_word' id='word_1_235' title='bbox 1731 2157 1929 2242; x_wconf 85' lang='lat' dir='ltr'>fateantur,</span> <span class='ocrx_word' id='word_1_236' title='bbox 1962 2177 1997 2222; x_wconf 91' lang='lat' dir='ltr'>se</span> <span class='ocrx_word' id='word_1_237' title='bbox 2013 2151 2107 2223; x_wconf 90' lang='lat' dir='ltr'>tueri</span> 
     </span>
     <span class='ocr_line' id='line_1_20' title="bbox 75 2247 2106 2351; baseline 0.002 -25"><span class='ocrx_word' id='word_1_238' title='bbox 75 2257 190 2340; x_wconf 89' lang='lat' dir='ltr'>uitas,</span> <span class='ocrx_word' id='word_1_239' title='bbox 231 2259 327 2326; x_wconf 88' lang='lat' dir='ltr'>unde</span> <span class='ocrx_word' id='word_1_240' title='bbox 359 2257 471 2328; x_wconf 90' lang='lat' dir='ltr'>iustus</span> <span class='ocrx_word' id='word_1_241' title='bbox 496 2273 641 2330; x_wconf 85' lang='lat' dir='ltr'>vocatur</span> <span class='ocrx_word' id='word_1_242' title='bbox 665 2261 722 2330; x_wconf 87' lang='lat' dir='ltr'>vir</span> <span class='ocrx_word' id='word_1_243' title='bbox 753 2261 885 2344; x_wconf 89' lang='lat' dir='ltr'>bonus,</span> <span class='ocrx_word' id='word_1_244' title='bbox 923 2280 1067 2351; x_wconf 90' lang='lat' dir='ltr'>aequus,</span> <span class='ocrx_word' id='word_1_245' title='bbox 1118 2247 1350 2334; x_wconf 80' lang='lat' dir='ltr'>Osiandrum</span> <span class='ocrx_word' id='word_1_246' title='bbox 1375 2254 1448 2324; x_wconf 75' lang='lat' dir='ltr'>slve</span> <span class='ocrx_word' id='word_1_247' title='bbox 1464 2257 1700 2341; x_wconf 70' lang='lat' dir='ltr'>dissimulent,</span> <span class='ocrx_word' id='word_1_248' title='bbox 1724 2257 1965 2347; x_wconf 81' lang='lat' dir='ltr'>improbamus</span> <span class='ocrx_word' id='word_1_249' title='bbox 1982 2278 2106 2324; x_wconf 76' lang='lat' dir='ltr'>eorum</span> 
     </span>
     <span class='ocr_line' id='line_1_21' title="bbox 75 2353 2105 2458; baseline -0.002 -30"><span class='ocrx_word' id='word_1_250' title='bbox 75 2361 232 2450; x_wconf 90' lang='lat' dir='ltr'>probos,</span> <span class='ocrx_word' id='word_1_251' title='bbox 267 2354 463 2440; x_wconf 87' lang='lat' dir='ltr'>humanus,</span> <span class='ocrx_word' id='word_1_252' title='bbox 493 2359 552 2429; x_wconf 81' lang='lat' dir='ltr'>ain</span> <span class='ocrx_word' id='word_1_253' title='bbox 571 2360 756 2458; x_wconf 83' lang='lat' dir='ltr'>srommer</span> <span class='ocrx_word' id='word_1_254' title='bbox 780 2355 924 2430; x_wconf 83' lang='lat' dir='ltr'>Manu.</span> <span class='ocrx_word' id='word_1_255' title='bbox 969 2357 1067 2430; x_wconf 88' lang='lat' dir='ltr'>Haec</span> <span class='ocrx_word' id='word_1_256' title='bbox 1116 2353 1265 2444; x_wconf 90' lang='lat' dir='ltr'>scripta,</span> <span class='ocrx_word' id='word_1_257' title='bbox 1297 2379 1388 2448; x_wconf 90' lang='lat' dir='ltr'>quae</span> <span class='ocrx_word' id='word_1_258' title='bbox 1411 2355 1515 2428; x_wconf 89' lang='lat' dir='ltr'>nobis</span> <span class='ocrx_word' id='word_1_259' title='bbox 1540 2353 1694 2428; x_wconf 86' lang='lat' dir='ltr'>exhibita</span> <span class='ocrx_word' id='word_1_260' title='bbox 1718 2371 1820 2443; x_wconf 90' lang='lat' dir='ltr'>sunt,</span> <span class='ocrx_word' id='word_1_261' title='bbox 1854 2353 2105 2436; x_wconf 85' lang='lat' dir='ltr'>et&#39;censemus,</span> 
     </span>
     <span class='ocr_line' id='line_1_22' title="bbox 75 2449 2106 2557; baseline -0.004 -22"><span class='ocrx_word' id='word_1_262' title='bbox 75 2456 172 2529; x_wconf 80' lang='lat' dir='ltr'>nihil</span> <span class='ocrx_word' id='word_1_263' title='bbox 194 2462 237 2528; x_wconf 73' lang='lat' dir='ltr'>ad</span> <span class='ocrx_word' id='word_1_264' title='bbox 259 2461 392 2548; x_wconf 80' lang='lat' dir='ltr'>dictum</span> <span class='ocrx_word' id='word_1_265' title='bbox 415 2463 610 2554; x_wconf 86' lang='lat' dir='ltr'>pertinent:</span> <span class='ocrx_word' id='word_1_266' title='bbox 635 2462 755 2535; x_wconf 76' lang='lat' dir='ltr'>iustus</span> <span class='ocrx_word' id='word_1_267' title='bbox 766 2458 849 2557; x_wconf 79' lang='lat' dir='ltr'>fida</span> <span class='ocrx_word' id='word_1_268' title='bbox 869 2485 940 2534; x_wconf 86' lang='lat' dir='ltr'>suo</span> <span class='ocrx_word' id='word_1_269' title='bbox 965 2458 1066 2546; x_wconf 79' lang='lat' dir='ltr'>vivet,</span> <span class='ocrx_word' id='word_1_270' title='bbox 1116 2449 1356 2526; x_wconf 89' lang='lat' dir='ltr'>adhortandos</span> <span class='ocrx_word' id='word_1_271' title='bbox 1374 2481 1465 2544; x_wconf 88' lang='lat' dir='ltr'>esse,</span> <span class='ocrx_word' id='word_1_272' title='bbox 1491 2471 1531 2528; x_wconf 91' lang='lat' dir='ltr'>ut</span> <span class='ocrx_word' id='word_1_273' title='bbox 1545 2473 1663 2551; x_wconf 86' lang='lat' dir='ltr'>aperte</span> <span class='ocrx_word' id='word_1_274' title='bbox 1677 2459 1814 2546; x_wconf 89' lang='lat' dir='ltr'>dicant,</span> <span class='ocrx_word' id='word_1_275' title='bbox 1839 2483 1886 2529; x_wconf 90' lang='lat' dir='ltr'>an</span> <span class='ocrx_word' id='word_1_276' title='bbox 1902 2459 2106 2554; x_wconf 90' lang='lat' dir='ltr'>improbent</span> 
     </span>
     <span class='ocr_line' id='line_1_23' title="bbox 73 2543 2105 2661; baseline 0.001 -36"><span class='ocrx_word' id='word_1_277' title='bbox 73 2577 109 2632; x_wconf 81' lang='lat' dir='ltr'>et</span> <span class='ocrx_word' id='word_1_278' title='bbox 139 2585 246 2655; x_wconf 86' lang='lat' dir='ltr'>quam</span> <span class='ocrx_word' id='word_1_279' title='bbox 274 2562 387 2632; x_wconf 81' lang='lat' dir='ltr'>aliena</span> <span class='ocrx_word' id='word_1_280' title='bbox 421 2566 493 2636; x_wconf 73' lang='lat' dir='ltr'>sint</span> <span class='ocrx_word' id='word_1_281' title='bbox 518 2566 563 2634; x_wconf 69' lang='lat' dir='ltr'>ab</span> <span class='ocrx_word' id='word_1_282' title='bbox 591 2562 655 2638; x_wconf 68' lang='lat' dir='ltr'>hac</span> <span class='ocrx_word' id='word_1_283' title='bbox 682 2569 906 2661; x_wconf 66' lang='lat' dir='ltr'>quaestione,</span> <span class='ocrx_word' id='word_1_284' title='bbox 943 2565 1067 2638; x_wconf 76' lang='lat' dir='ltr'>vident</span> <span class='ocrx_word' id='word_1_285' title='bbox 1115 2557 1314 2626; x_wconf 91' lang='lat' dir='ltr'>doctrinam</span> <span class='ocrx_word' id='word_1_286' title='bbox 1330 2543 1569 2630; x_wconf 82' lang='lat' dir='ltr'>Ecclesiaruin</span> <span class='ocrx_word' id='word_1_287' title='bbox 1584 2575 1798 2647; x_wconf 90' lang='lat' dir='ltr'>nostrarum,</span> <span class='ocrx_word' id='word_1_288' title='bbox 1816 2587 1860 2632; x_wconf 91' lang='lat' dir='ltr'>an</span> <span class='ocrx_word' id='word_1_289' title='bbox 1875 2585 1960 2631; x_wconf 86' lang='lat' dir='ltr'>vero</span> <span class='ocrx_word' id='word_1_290' title='bbox 1975 2583 2105 2652; x_wconf 90' lang='lat' dir='ltr'>appro-</span> 
     </span>
     <span class='ocr_line' id='line_1_24' title="bbox 72 2657 2107 2763; baseline 0.001 -31"><span class='ocrx_word' id='word_1_291' title='bbox 72 2688 201 2732; x_wconf 81' lang='lat' dir='ltr'>ornnes</span> <span class='ocrx_word' id='word_1_292' title='bbox 215 2665 320 2734; x_wconf 89' lang='lat' dir='ltr'>docti.</span> <span class='ocrx_word' id='word_1_293' title='bbox 372 2663 463 2736; x_wconf 91' lang='lat' dir='ltr'>Cum</span> <span class='ocrx_word' id='word_1_294' title='bbox 487 2668 582 2738; x_wconf 88' lang='lat' dir='ltr'>enim</span> <span class='ocrx_word' id='word_1_295' title='bbox 600 2671 818 2762; x_wconf 86' lang='lat' dir='ltr'>quaerimus:</span> <span class='ocrx_word' id='word_1_296' title='bbox 846 2668 924 2763; x_wconf 89' lang='lat' dir='ltr'>quis</span> <span class='ocrx_word' id='word_1_297' title='bbox 946 2668 992 2738; x_wconf 88' lang='lat' dir='ltr'>sit</span> <span class='ocrx_word' id='word_1_298' title='bbox 1008 2666 1066 2735; x_wconf 91' lang='lat' dir='ltr'>iu·</span> <span class='ocrx_word' id='word_1_299' title='bbox 1115 2659 1213 2734; x_wconf 82' lang='lat' dir='ltr'>bent.</span> <span class='ocrx_word' id='word_1_300' title='bbox 1266 2657 1418 2750; x_wconf 85' lang='lat' dir='ltr'>Quodsi</span> <span class='ocrx_word' id='word_1_301' title='bbox 1437 2661 1572 2749; x_wconf 86' lang='lat' dir='ltr'>dicent,</span> <span class='ocrx_word' id='word_1_302' title='bbox 1598 2687 1634 2733; x_wconf 90' lang='lat' dir='ltr'>se</span> <span class='ocrx_word' id='word_1_303' title='bbox 1657 2665 1871 2756; x_wconf 87' lang='lat' dir='ltr'>approbare:</span> <span class='ocrx_word' id='word_1_304' title='bbox 1896 2662 2107 2757; x_wconf 84' lang='lat' dir='ltr'>promittent</span> 
     </span>
     <span class='ocr_line' id='line_1_25' title="bbox 72 2761 2107 2866; baseline -0.001 -33"><span class='ocrx_word' id='word_1_305' title='bbox 72 2779 150 2866; x_wconf 76' lang='lat' dir='ltr'>stus</span> <span class='ocrx_word' id='word_1_306' title='bbox 166 2789 284 2834; x_wconf 87' lang='lat' dir='ltr'>coram</span> <span class='ocrx_word' id='word_1_307' title='bbox 296 2763 397 2845; x_wconf 80' lang='lat' dir='ltr'>Deo?</span> <span class='ocrx_word' id='word_1_308' title='bbox 423 2765 490 2838; x_wconf 93' lang='lat' dir='ltr'>hoc</span> <span class='ocrx_word' id='word_1_309' title='bbox 503 2772 724 2864; x_wconf 88' lang='lat' dir='ltr'>quaerimus,</span> <span class='ocrx_word' id='word_1_310' title='bbox 753 2772 833 2864; x_wconf 89' lang='lat' dir='ltr'>quis</span> <span class='ocrx_word' id='word_1_311' title='bbox 849 2771 893 2842; x_wconf 90' lang='lat' dir='ltr'>sit</span> <span class='ocrx_word' id='word_1_312' title='bbox 909 2767 1066 2840; x_wconf 92' lang='lat' dir='ltr'>reconci-</span> <span class='ocrx_word' id='word_1_313' title='bbox 1115 2761 1221 2831; x_wconf 90' lang='lat' dir='ltr'>etiam</span> <span class='ocrx_word' id='word_1_314' title='bbox 1252 2783 1288 2833; x_wconf 90' lang='lat' dir='ltr'>se</span> <span class='ocrx_word' id='word_1_315' title='bbox 1314 2775 1514 2834; x_wconf 89' lang='lat' dir='ltr'>retenturos</span> <span class='ocrx_word' id='word_1_316' title='bbox 1544 2787 1617 2834; x_wconf 88' lang='lat' dir='ltr'>esse</span> <span class='ocrx_word' id='word_1_317' title='bbox 1641 2766 1790 2835; x_wconf 86' lang='lat' dir='ltr'>formam</span> <span class='ocrx_word' id='word_1_318' title='bbox 1814 2767 1889 2836; x_wconf 90' lang='lat' dir='ltr'>eius</span> <span class='ocrx_word' id='word_1_319' title='bbox 1912 2764 2107 2848; x_wconf 91' lang='lat' dir='ltr'>doctrinae,</span> 
     </span>
     <span class='ocr_line' id='line_1_26' title="bbox 73 2863 2105 2965; baseline -0.001 -29"><span class='ocrx_word' id='word_1_320' title='bbox 73 2868 185 2938; x_wconf 88' lang='lat' dir='ltr'>liatus</span> <span class='ocrx_word' id='word_1_321' title='bbox 207 2863 302 2952; x_wconf 83' lang='lat' dir='ltr'>Deo,</span> <span class='ocrx_word' id='word_1_322' title='bbox 343 2871 484 2960; x_wconf 89' lang='lat' dir='ltr'>placens</span> <span class='ocrx_word' id='word_1_323' title='bbox 515 2885 550 2942; x_wconf 89' lang='lat' dir='ltr'>et</span> <span class='ocrx_word' id='word_1_324' title='bbox 576 2889 737 2965; x_wconf 86' lang='lat' dir='ltr'>acceptus</span> <span class='ocrx_word' id='word_1_325' title='bbox 765 2871 865 2944; x_wconf 84' lang='lat' dir='ltr'>Deo?</span> <span class='ocrx_word' id='word_1_326' title='bbox 883 2916 891 2932; x_wconf 63' lang='grc' dir='ltr'><em>ι</em></span> <span class='ocrx_word' id='word_1_327' title='bbox 921 2867 1065 2940; x_wconf 87' lang='lat' dir='ltr'>Alicubi</span> <span class='ocrx_word' id='word_1_328' title='bbox 1115 2887 1180 2932; x_wconf 92' lang='lat' dir='ltr'>nec</span> <span class='ocrx_word' id='word_1_329' title='bbox 1195 2863 1283 2934; x_wconf 89' lang='lat' dir='ltr'>salsa</span> <span class='ocrx_word' id='word_1_330' title='bbox 1299 2877 1361 2934; x_wconf 92' lang='lat' dir='ltr'>aut</span> <span class='ocrx_word' id='word_1_331' title='bbox 1375 2865 1540 2955; x_wconf 89' lang='lat' dir='ltr'>ambigua</span> <span class='ocrx_word' id='word_1_332' title='bbox 1557 2867 1729 2938; x_wconf 83' lang='lat' dir='ltr'>mixturos</span> <span class='ocrx_word' id='word_1_333' title='bbox 1746 2891 1836 2954; x_wconf 89' lang='lat' dir='ltr'>esse,</span> <span class='ocrx_word' id='word_1_334' title='bbox 1862 2867 2105 2938; x_wconf 87' lang='lat' dir='ltr'>necdelensu-</span> 
     </span>
     <span class='ocr_line' id='line_1_27' title="bbox 70 2959 2107 3071; baseline -0.002 -32"><span class='ocrx_word' id='word_1_335' title='bbox 70 2970 159 3040; x_wconf 83' lang='lat' dir='ltr'>facit</span> <span class='ocrx_word' id='word_1_336' title='bbox 181 2969 341 3062; x_wconf 90' lang='lat' dir='ltr'>quinque</span> <span class='ocrx_word' id='word_1_337' title='bbox 366 2987 482 3062; x_wconf 91' lang='lat' dir='ltr'>partes</span> <span class='ocrx_word' id='word_1_338' title='bbox 508 2973 766 3047; x_wconf 86' lang='lat' dir='ltr'>iustificationis</span> <span class='ocrx_word' id='word_1_339' title='bbox 783 2970 845 3071; x_wconf 77' lang='lat'><strong>‘⁴):</strong></span> <span class='ocrx_word' id='word_1_340' title='bbox 880 2971 1066 3066; x_wconf 89' lang='lat' dir='ltr'>poeniten-</span> <span class='ocrx_word' id='word_1_341' title='bbox 1114 2959 1361 3036; x_wconf 89' lang='lat' dir='ltr'>rosOsiandri</span> <span class='ocrx_word' id='word_1_342' title='bbox 1382 2965 1586 3058; x_wconf 83' lang='lat' dir='ltr'>praestigias</span> <span class='ocrx_word' id='word_1_343' title='bbox 1608 2967 1647 3038; x_wconf 88' lang='lat' dir='ltr'>in</span> <span class='ocrx_word' id='word_1_344' title='bbox 1670 2971 1816 3062; x_wconf 87' lang='lat' dir='ltr'>populo.</span> <span class='ocrx_word' id='word_1_345' title='bbox 1868 2967 1977 3059; x_wconf 87' lang='lat' dir='ltr'>Quod</span> <span class='ocrx_word' id='word_1_346' title='bbox 1998 2969 2028 3038; x_wconf 89' lang='lat' dir='ltr'>si</span> <span class='ocrx_word' id='word_1_347' title='bbox 2049 2966 2107 3036; x_wconf 91' lang='lat' dir='ltr'>di-</span> 
     </span>
     <span class='ocr_line' id='line_1_28' title="bbox 71 3067 2106 3168; baseline -0.002 -26"><span class='ocrx_word' id='word_1_348' title='bbox 71 3071 176 3150; x_wconf 87' lang='lat' dir='ltr'>tiam,</span> <span class='ocrx_word' id='word_1_349' title='bbox 201 3072 446 3142; x_wconf 87' lang='lat' dir='ltr'>remissionem</span> <span class='ocrx_word' id='word_1_350' title='bbox 464 3089 695 3166; x_wconf 87' lang='lat' dir='ltr'>peccatorum,</span> <span class='ocrx_word' id='word_1_351' title='bbox 715 3074 947 3168; x_wconf 89' lang='lat' dir='ltr'>praesentiam</span> <span class='ocrx_word' id='word_1_352' title='bbox 958 3067 1065 3144; x_wconf 89' lang='lat' dir='ltr'>Chri·</span> <span class='ocrx_word' id='word_1_353' title='bbox 1114 3079 1205 3152; x_wconf 88' lang='lat' dir='ltr'>cent,</span> <span class='ocrx_word' id='word_1_354' title='bbox 1231 3089 1268 3136; x_wconf 90' lang='lat' dir='ltr'>se</span> <span class='ocrx_word' id='word_1_355' title='bbox 1283 3067 1486 3159; x_wconf 91' lang='lat' dir='ltr'>improbare</span> <span class='ocrx_word' id='word_1_356' title='bbox 1503 3071 1700 3141; x_wconf 88' lang='lat' dir='ltr'>doctrinam</span> <span class='ocrx_word' id='word_1_357' title='bbox 1712 3067 1952 3142; x_wconf 89' lang='lat' dir='ltr'>Ecclesiarum</span> <span class='ocrx_word' id='word_1_358' title='bbox 1966 3083 2106 3140; x_wconf 86' lang='lat' dir='ltr'>nostra-</span> 
     </span>
     <span class='ocr_line' id='line_1_29' title="bbox 69 3169 2104 3268; baseline -0.001 -26"><span class='ocrx_word' id='word_1_359' title='bbox 69 3173 117 3242; x_wconf 91' lang='lat' dir='ltr'>sti</span> <span class='ocrx_word' id='word_1_360' title='bbox 132 3173 175 3240; x_wconf 91' lang='lat' dir='ltr'>in</span> <span class='ocrx_word' id='word_1_361' title='bbox 191 3174 317 3257; x_wconf 90' lang='lat' dir='ltr'>corde,</span> <span class='ocrx_word' id='word_1_362' title='bbox 343 3175 437 3245; x_wconf 89' lang='lat' dir='ltr'>bona</span> <span class='ocrx_word' id='word_1_363' title='bbox 453 3201 559 3268; x_wconf 89' lang='lat' dir='ltr'>opera</span> <span class='ocrx_word' id='word_1_364' title='bbox 576 3191 611 3248; x_wconf 92' lang='lat' dir='ltr'>et</span> <span class='ocrx_word' id='word_1_365' title='bbox 627 3179 884 3249; x_wconf 82' lang='lat' dir='ltr'>confessionem</span> <span class='ocrx_word' id='word_1_366' title='bbox 899 3175 981 3247; x_wconf 90' lang='lat' dir='ltr'>oris.</span> <span class='ocrx_word' id='word_1_367' title='bbox 1024 3174 1064 3244; x_wconf 95' lang='lat' dir='ltr'>ln</span> <span class='ocrx_word' id='word_1_368' title='bbox 1113 3191 1211 3254; x_wconf 91' lang='lat' dir='ltr'>rum,</span> <span class='ocrx_word' id='word_1_369' title='bbox 1244 3193 1310 3239; x_wconf 91' lang='lat' dir='ltr'>nec</span> <span class='ocrx_word' id='word_1_370' title='bbox 1332 3169 1443 3241; x_wconf 83' lang='lat' dir='ltr'>velint</span> <span class='ocrx_word' id='word_1_371' title='bbox 1467 3171 1528 3241; x_wconf 91' lang='lat' dir='ltr'>illa</span> <span class='ocrx_word' id='word_1_372' title='bbox 1553 3195 1615 3250; x_wconf 86' lang='lat' dir='ltr'>sna</span> <span class='ocrx_word' id='word_1_373' title='bbox 1642 3175 1786 3243; x_wconf 90' lang='lat' dir='ltr'>conluse</span> <span class='ocrx_word' id='word_1_374' title='bbox 1811 3173 1921 3256; x_wconf 90' lang='lat' dir='ltr'>dicta,</span> <span class='ocrx_word' id='word_1_375' title='bbox 1955 3195 2104 3268; x_wconf 90' lang='lat' dir='ltr'>quaere</span> 
     </span>
     <span class='ocr_line' id='line_1_30' title="bbox 69 3265 2106 3366; baseline -0 -22"><span class='ocrx_word' id='word_1_376' title='bbox 69 3270 138 3345; x_wconf 89' lang='lat' dir='ltr'>hac</span> <span class='ocrx_word' id='word_1_377' title='bbox 152 3271 344 3366; x_wconf 91' lang='lat' dir='ltr'>partitione</span> <span class='ocrx_word' id='word_1_378' title='bbox 362 3277 546 3348; x_wconf 78' lang='lat' dir='ltr'>manifesta</span> <span class='ocrx_word' id='word_1_379' title='bbox 563 3282 724 3351; x_wconf 86' lang='lat' dir='ltr'>confusio</span> <span class='ocrx_word' id='word_1_380' title='bbox 740 3295 803 3355; x_wconf 88' lang='lat' dir='ltr'>est.</span> <span class='ocrx_word' id='word_1_381' title='bbox 854 3275 932 3350; x_wconf 83' lang='lat' dir='ltr'>Etsi</span> <span class='ocrx_word' id='word_1_382' title='bbox 947 3288 1064 3348; x_wconf 88' lang='lat' dir='ltr'>autem</span> <span class='ocrx_word' id='word_1_383' title='bbox 1115 3270 1191 3363; x_wconf 90' lang='lat' dir='ltr'>ipsa</span> <span class='ocrx_word' id='word_1_384' title='bbox 1209 3265 1539 3355; x_wconf 90' lang='lat' dir='ltr'>suntOsiandrica‚</span> <span class='ocrx_word' id='word_1_385' title='bbox 1572 3275 1752 3346; x_wconf 89' lang='lat' dir='ltr'>omittere:</span> <span class='ocrx_word' id='word_1_386' title='bbox 1789 3289 2039 3346; x_wconf 89' lang='lat' dir='ltr'>removeantur</span> <span class='ocrx_word' id='word_1_387' title='bbox 2059 3274 2106 3343; x_wconf 89' lang='lat' dir='ltr'>ab</span> 
     </span>
     <span class='ocr_line' id='line_1_31' title="bbox 67 3367 2171 3470; baseline 0 -25"><span class='ocrx_word' id='word_1_388' title='bbox 67 3399 174 3468; x_wconf 83' lang='lat' dir='ltr'>saepe</span> <span class='ocrx_word' id='word_1_389' title='bbox 195 3401 278 3446; x_wconf 84' lang='lat' dir='ltr'>vera</span> <span class='ocrx_word' id='word_1_390' title='bbox 301 3377 441 3464; x_wconf 87' lang='lat' dir='ltr'>miscet,</span> <span class='ocrx_word' id='word_1_391' title='bbox 472 3393 590 3450; x_wconf 90' lang='lat' dir='ltr'>tamen</span> <span class='ocrx_word' id='word_1_392' title='bbox 611 3405 749 3452; x_wconf 87' lang='lat' dir='ltr'>summa</span> <span class='ocrx_word' id='word_1_393' title='bbox 771 3381 953 3452; x_wconf 88' lang='lat' dir='ltr'>doctrinae</span> <span class='ocrx_word' id='word_1_394' title='bbox 976 3377 1065 3450; x_wconf 85' lang='lat' dir='ltr'>Cul-</span> <span class='ocrx_word' id='word_1_395' title='bbox 1112 3373 1229 3442; x_wconf 88' lang='lat' dir='ltr'>officio</span> <span class='ocrx_word' id='word_1_396' title='bbox 1248 3375 1421 3462; x_wconf 89' lang='lat' dir='ltr'>docendi,</span> <span class='ocrx_word' id='word_1_397' title='bbox 1446 3399 1493 3444; x_wconf 92' lang='lat' dir='ltr'>ne</span> <span class='ocrx_word' id='word_1_398' title='bbox 1517 3375 1711 3470; x_wconf 89' lang='lat' dir='ltr'>improprie</span> <span class='ocrx_word' id='word_1_399' title='bbox 1732 3375 1825 3449; x_wconf 90' lang='lat' dir='ltr'>dicta</span> <span class='ocrx_word' id='word_1_400' title='bbox 1847 3379 1988 3469; x_wconf 91' lang='lat' dir='ltr'>pariant</span> <span class='ocrx_word' id='word_1_401' title='bbox 2005 3399 2106 3446; x_wconf 90' lang='lat' dir='ltr'>erro·</span> <span class='ocrx_word' id='word_1_402' title='bbox 2163 3367 2171 3388; x_wconf 87' lang='lat'><strong><em>‘</em></strong></span> 
     </span>
     <span class='ocr_line' id='line_1_32' title="bbox 70 3473 2103 3576; baseline -0 -29"><span class='ocrx_word' id='word_1_403' title='bbox 70 3477 198 3547; x_wconf 87' lang='lat' dir='ltr'>manni</span> <span class='ocrx_word' id='word_1_404' title='bbox 222 3493 291 3560; x_wconf 90' lang='lat' dir='ltr'>est,</span> <span class='ocrx_word' id='word_1_405' title='bbox 318 3473 500 3552; x_wconf 89' lang='lat' dir='ltr'>hominem</span> <span class='ocrx_word' id='word_1_406' title='bbox 520 3505 594 3552; x_wconf 90' lang='lat' dir='ltr'>esse</span> <span class='ocrx_word' id='word_1_407' title='bbox 609 3483 743 3556; x_wconf 90' lang='lat' dir='ltr'>iustum</span> <span class='ocrx_word' id='word_1_408' title='bbox 755 3497 900 3576; x_wconf 89' lang='lat' dir='ltr'>propter</span> <span class='ocrx_word' id='word_1_409' title='bbox 921 3475 1064 3550; x_wconf 90' lang='lat' dir='ltr'>inhabi-</span> <span class='ocrx_word' id='word_1_410' title='bbox 1113 3495 1170 3548; x_wconf 86' lang='lat' dir='ltr'>res</span> <span class='ocrx_word' id='word_1_411' title='bbox 1196 3485 1230 3544; x_wconf 89' lang='lat' dir='ltr'>et</span> <span class='ocrx_word' id='word_1_412' title='bbox 1253 3475 1411 3550; x_wconf 88' lang='lat' dir='ltr'>dissidia.</span> <span class='ocrx_word' id='word_1_413' title='bbox 1470 3473 1565 3548; x_wconf 90' lang='lat' dir='ltr'>Sunt</span> <span class='ocrx_word' id='word_1_414' title='bbox 1590 3492 1706 3549; x_wconf 90' lang='lat' dir='ltr'>autem</span> <span class='ocrx_word' id='word_1_415' title='bbox 1735 3479 1796 3548; x_wconf 91' lang='lat' dir='ltr'>illa</span> <span class='ocrx_word' id='word_1_416' title='bbox 1823 3481 1968 3550; x_wconf 80' lang='lat' dir='ltr'>contuse</span> <span class='ocrx_word' id='word_1_417' title='bbox 1994 3479 2103 3548; x_wconf 88' lang='lat' dir='ltr'>dicta:</span> 
     </span>
     <span class='ocr_line' id='line_1_33' title="bbox 67 3573 2102 3678; baseline -0.005 -22"><span class='ocrx_word' id='word_1_418' title='bbox 67 3581 242 3651; x_wconf 78' lang='lat' dir='ltr'>tationem</span> <span class='ocrx_word' id='word_1_419' title='bbox 259 3577 345 3662; x_wconf 83' lang='lat' dir='ltr'>Dei,</span> <span class='ocrx_word' id='word_1_420' title='bbox 372 3607 436 3653; x_wconf 89' lang='lat' dir='ltr'>uec</span> <span class='ocrx_word' id='word_1_421' title='bbox 450 3583 558 3670; x_wconf 87' lang='lat' dir='ltr'>dicit,</span> <span class='ocrx_word' id='word_1_422' title='bbox 583 3599 729 3678; x_wconf 91' lang='lat' dir='ltr'>propter</span> <span class='ocrx_word' id='word_1_423' title='bbox 745 3585 984 3656; x_wconf 88' lang='lat' dir='ltr'>obedientiam</span> <span class='ocrx_word' id='word_1_424' title='bbox 1000 3605 1062 3652; x_wconf 91' lang='lat' dir='ltr'>seu</span> <span class='ocrx_word' id='word_1_425' title='bbox 1112 3573 1231 3647; x_wconf 90' lang='lat' dir='ltr'>Homo</span> <span class='ocrx_word' id='word_1_426' title='bbox 1255 3589 1308 3647; x_wconf 89' lang='lat' dir='ltr'>est</span> <span class='ocrx_word' id='word_1_427' title='bbox 1328 3578 1442 3649; x_wconf 91' lang='lat' dir='ltr'>iustus</span> <span class='ocrx_word' id='word_1_428' title='bbox 1457 3579 1634 3650; x_wconf 88' lang='lat' dir='ltr'>essentiali</span> <span class='ocrx_word' id='word_1_429' title='bbox 1656 3580 1788 3650; x_wconf 87' lang='lat' dir='ltr'>iustitia</span> <span class='ocrx_word' id='word_1_430' title='bbox 1805 3577 1936 3666; x_wconf 90' lang='lat' dir='ltr'>Patris,</span> <span class='ocrx_word' id='word_1_431' title='bbox 1963 3579 2046 3650; x_wconf 85' lang='lat' dir='ltr'>Filii</span> <span class='ocrx_word' id='word_1_432' title='bbox 2067 3589 2102 3648; x_wconf 92' lang='lat' dir='ltr'>et</span> 
     </span>
     <span class='ocr_line' id='line_1_34' title="bbox 69 3674 2178 3780; baseline 0.002 -36"><span class='ocrx_word' id='word_1_433' title='bbox 69 3681 273 3774; x_wconf 66' lang='lat' dir='ltr'>passionem</span> <span class='ocrx_word' id='word_1_434' title='bbox 288 3679 434 3760; x_wconf 66' lang='lat' dir='ltr'>Christi,</span> <span class='ocrx_word' id='word_1_435' title='bbox 484 3682 707 3780; x_wconf 53' lang='lat' dir='ltr'>Emptam</span> <span class='ocrx_word' id='word_1_436' title='bbox 726 3685 830 3758; x_wconf 68' lang='lat' dir='ltr'>dicit:</span> <span class='ocrx_word' id='word_1_437' title='bbox 856 3683 990 3756; x_wconf 66' lang='lat' dir='ltr'>institia</span> <span class='ocrx_word' id='word_1_438' title='bbox 1013 3697 1063 3754; x_wconf 70' lang='lat' dir='ltr'>est</span> <span class='ocrx_word' id='word_1_439' title='bbox 1112 3675 1267 3768; x_wconf 88' lang='lat' dir='ltr'>Spiritus</span> <span class='ocrx_word' id='word_1_440' title='bbox 1281 3675 1318 3751; x_wconf 90' lang='lat' dir='ltr'>S.</span> <span class='ocrx_word' id='word_1_441' title='bbox 1362 3675 1474 3759; x_wconf 78' lang='lat' dir='ltr'>Item:</span> <span class='ocrx_word' id='word_1_442' title='bbox 1501 3674 1609 3750; x_wconf 92' lang='lat' dir='ltr'>homo</span> <span class='ocrx_word' id='word_1_443' title='bbox 1631 3695 1683 3752; x_wconf 90' lang='lat' dir='ltr'>est</span> <span class='ocrx_word' id='word_1_444' title='bbox 1702 3681 1815 3750; x_wconf 90' lang='lat' dir='ltr'>iustus</span> <span class='ocrx_word' id='word_1_445' title='bbox 1831 3695 1976 3776; x_wconf 91' lang='lat' dir='ltr'>propter</span> <span class='ocrx_word' id='word_1_446' title='bbox 1996 3675 2102 3750; x_wconf 90' lang='lat' dir='ltr'>inha-</span> <span class='ocrx_word' id='word_1_447' title='bbox 2174 3699 2178 3704; x_wconf 80' lang='grc'><strong>’</strong></span> 
     </span>
     <span class='ocr_line' id='line_1_35' title="bbox 67 3775 2101 3884; baseline 0.003 -36"><span class='ocrx_word' id='word_1_448' title='bbox 67 3779 237 3856; x_wconf 81' lang='lat' dir='ltr'>Christus</span> <span class='ocrx_word' id='word_1_449' title='bbox 249 3783 412 3856; x_wconf 67' lang='lat' dir='ltr'>inrorato,</span> <span class='ocrx_word' id='word_1_450' title='bbox 430 3784 605 3872; x_wconf 64' lang='lat' dir='ltr'>habitans,</span> <span class='ocrx_word' id='word_1_451' title='bbox 618 3803 880 3884; x_wconf 66' lang='lat' dir='ltr'>propterquam</span> <span class='ocrx_word' id='word_1_452' title='bbox 894 3810 960 3858; x_wconf 69' lang='lat'><strong>110³</strong></span> <span class='ocrx_word' id='word_1_453' title='bbox 968 3784 1064 3857; x_wconf 76' lang='lat' dir='ltr'>Deus</span> <span class='ocrx_word' id='word_1_454' title='bbox 1112 3777 1320 3850; x_wconf 89' lang='lat' dir='ltr'>bitationem</span> <span class='ocrx_word' id='word_1_455' title='bbox 1334 3775 1423 3866; x_wconf 89' lang='lat' dir='ltr'>Dei,</span> <span class='ocrx_word' id='word_1_456' title='bbox 1451 3803 1526 3849; x_wconf 92' lang='lat' dir='ltr'>non</span> <span class='ocrx_word' id='word_1_457' title='bbox 1542 3796 1688 3873; x_wconf 91' lang='lat' dir='ltr'>propter</span> <span class='ocrx_word' id='word_1_458' title='bbox 1705 3783 1943 3856; x_wconf 88' lang='lat' dir='ltr'>obedientiam</span> <span class='ocrx_word' id='word_1_459' title='bbox 1965 3783 2101 3854; x_wconf 88' lang='lat' dir='ltr'>media-</span> 
     </span>
     <span class='ocr_line' id='line_1_36' title="bbox 68 3879 2102 3984; baseline -0.002 -23"><span class='ocrx_word' id='word_1_460' title='bbox 68 3898 212 3975; x_wconf 78' lang='lat' dir='ltr'>reputat</span> <span class='ocrx_word' id='word_1_461' title='bbox 234 3885 356 3962; x_wconf 82' lang='lat' dir='ltr'>iustos.</span> <span class='ocrx_word' id='word_1_462' title='bbox 414 3887 485 3962; x_wconf 90' lang='lat' dir='ltr'>Hic</span> <span class='ocrx_word' id='word_1_463' title='bbox 510 3890 616 3960; x_wconf 89' lang='lat' dir='ltr'>etiam</span> <span class='ocrx_word' id='word_1_464' title='bbox 637 3893 681 3961; x_wconf 90' lang='lat' dir='ltr'>de</span> <span class='ocrx_word' id='word_1_465' title='bbox 703 3889 936 3984; x_wconf 89' lang='lat' dir='ltr'>imputatione</span> <span class='ocrx_word' id='word_1_466' title='bbox 959 3901 1064 3972; x_wconf 90' lang='lat' dir='ltr'>errat,</span> <span class='ocrx_word' id='word_1_467' title='bbox 1112 3880 1211 3952; x_wconf 90' lang='lat' dir='ltr'>toris.</span> <span class='ocrx_word' id='word_1_468' title='bbox 1264 3879 1371 3951; x_wconf 81' lang='lat' dir='ltr'>ltemt</span> <span class='ocrx_word' id='word_1_469' title='bbox 1399 3879 1662 3954; x_wconf 77' lang='lat' dir='ltr'>luctificationis</span> <span class='ocrx_word' id='word_1_470' title='bbox 1685 3899 1801 3977; x_wconf 89' lang='lat' dir='ltr'>partes</span> <span class='ocrx_word' id='word_1_471' title='bbox 1824 3900 1908 3956; x_wconf 89' lang='lat' dir='ltr'>sunt</span> <span class='ocrx_word' id='word_1_472' title='bbox 1930 3886 2102 3980; x_wconf 89' lang='lat' dir='ltr'>quinqua.</span> 
     </span>
     <span class='ocr_line' id='line_1_37' title="bbox 67 3977 2102 4090; baseline 0 -35"><span class='ocrx_word' id='word_1_473' title='bbox 67 3987 155 4080; x_wconf 90' lang='lat' dir='ltr'>qnia</span> <span class='ocrx_word' id='word_1_474' title='bbox 172 3984 269 4057; x_wconf 91' lang='lat' dir='ltr'>Deus</span> <span class='ocrx_word' id='word_1_475' title='bbox 283 4013 349 4059; x_wconf 90' lang='lat' dir='ltr'>nos</span> <span class='ocrx_word' id='word_1_476' title='bbox 365 4003 503 4082; x_wconf 87' lang='lat' dir='ltr'>reputat</span> <span class='ocrx_word' id='word_1_477' title='bbox 518 3991 654 4090; x_wconf 70' lang='lat' dir='ltr'>iustos,</span> <span class='ocrx_word' id='word_1_478' title='bbox 669 4007 813 4086; x_wconf 91' lang='lat' dir='ltr'>propter</span> <span class='ocrx_word' id='word_1_479' title='bbox 825 3991 1060 4062; x_wconf 84' lang='lat' dir='ltr'>obedientiam</span> <span class='ocrx_word' id='word_1_480' title='bbox 1110 3978 1246 4052; x_wconf 78' lang='lat' dir='ltr'>Eodem</span> <span class='ocrx_word' id='word_1_481' title='bbox 1264 3982 1387 4053; x_wconf 84' lang='lat' dir='ltr'>modo:</span> <span class='ocrx_word' id='word_1_482' title='bbox 1413 3977 1521 4054; x_wconf 87' lang='lat' dir='ltr'>homo</span> <span class='ocrx_word' id='word_1_483' title='bbox 1538 3999 1589 4056; x_wconf 82' lang='lat' dir='ltr'>est</span> <span class='ocrx_word' id='word_1_484' title='bbox 1605 3985 1716 4057; x_wconf 84' lang='lat' dir='ltr'>iustus</span> <span class='ocrx_word' id='word_1_485' title='bbox 1731 3999 1810 4080; x_wconf 88' lang='lat' dir='ltr'>post</span> <span class='ocrx_word' id='word_1_486' title='bbox 1828 3987 1964 4077; x_wconf 89' lang='lat' dir='ltr'>lapsum</span> <span class='ocrx_word' id='word_1_487' title='bbox 1982 3987 2019 4055; x_wconf 93' lang='lat' dir='ltr'>in</span> <span class='ocrx_word' id='word_1_488' title='bbox 2036 3981 2102 4055; x_wconf 88' lang='lat' dir='ltr'>hac</span> 
     </span>
     <span class='ocr_line' id='line_1_38' title="bbox 68 4083 2102 4188; baseline -0.005 -22"><span class='ocrx_word' id='word_1_489' title='bbox 68 4088 299 4174; x_wconf 85' lang='lat' dir='ltr'>mediatoris,</span> <span class='ocrx_word' id='word_1_490' title='bbox 326 4103 360 4162; x_wconf 82' lang='lat' dir='ltr'>et</span> <span class='ocrx_word' id='word_1_491' title='bbox 382 4092 468 4162; x_wconf 79' lang='lat' dir='ltr'>fidet</span> <span class='ocrx_word' id='word_1_492' title='bbox 490 4105 637 4176; x_wconf 81' lang='lat' dir='ltr'>statuat,</span> <span class='ocrx_word' id='word_1_493' title='bbox 663 4118 730 4164; x_wconf 87' lang='lat' dir='ltr'>nos</span> <span class='ocrx_word' id='word_1_494' title='bbox 742 4093 853 4188; x_wconf 86' lang='lat' dir='ltr'>recipi</span> <span class='ocrx_word' id='word_1_495' title='bbox 871 4105 905 4164; x_wconf 88' lang='lat' dir='ltr'>et</span> <span class='ocrx_word' id='word_1_496' title='bbox 926 4091 1062 4186; x_wconf 71' lang='lat' dir='ltr'>placere</span> <span class='ocrx_word' id='word_1_497' title='bbox 1112 4083 1203 4168; x_wconf 90' lang='lat' dir='ltr'>vita,</span> <span class='ocrx_word' id='word_1_498' title='bbox 1233 4083 1325 4156; x_wconf 90' lang='lat' dir='ltr'>sicut</span> <span class='ocrx_word' id='word_1_499' title='bbox 1346 4097 1422 4156; x_wconf 90' lang='lat' dir='ltr'>erat</span> <span class='ocrx_word' id='word_1_500' title='bbox 1445 4085 1560 4157; x_wconf 87' lang='lat' dir='ltr'>iustus</span> <span class='ocrx_word' id='word_1_501' title='bbox 1586 4089 1749 4176; x_wconf 83' lang='lat' dir='ltr'>originali</span> <span class='ocrx_word' id='word_1_502' title='bbox 1775 4089 1926 4160; x_wconf 90' lang='lat' dir='ltr'>iustitia:</span> <span class='ocrx_word' id='word_1_503' title='bbox 1967 4087 2102 4158; x_wconf 89' lang='lat' dir='ltr'>iustitia</span> 
     </span>
     <span class='ocr_line' id='line_1_39' title="bbox 66 4189 2101 4282; baseline 0.001 -26"><span class='ocrx_word' id='word_1_504' title='bbox 66 4204 217 4281; x_wconf 81' lang='lat' dir='ltr'>propter</span> <span class='ocrx_word' id='word_1_505' title='bbox 233 4192 472 4263; x_wconf 81' lang='lat' dir='ltr'>obedientiam</span> <span class='ocrx_word' id='word_1_506' title='bbox 489 4197 706 4271; x_wconf 76' lang='lat' dir='ltr'>mediatoris,</span> <span class='ocrx_word' id='word_1_507' title='bbox 752 4194 1060 4268; x_wconf 66' lang='lat' dir='ltr'>Praeter-camullia</span> <span class='ocrx_word' id='word_1_508' title='bbox 1111 4197 1248 4256; x_wconf 81' lang='lat' dir='ltr'>lanium</span> <span class='ocrx_word' id='word_1_509' title='bbox 1270 4197 1340 4270; x_wconf 79' lang='lat' dir='ltr'>est,</span> <span class='ocrx_word' id='word_1_510' title='bbox 1373 4211 1463 4282; x_wconf 78' lang='lat' dir='ltr'>quae</span> <span class='ocrx_word' id='word_1_511' title='bbox 1485 4189 1592 4260; x_wconf 77' lang='lat' dir='ltr'>efficit</span> <span class='ocrx_word' id='word_1_512' title='bbox 1621 4213 1686 4260; x_wconf 83' lang='lat' dir='ltr'>nos</span> <span class='ocrx_word' id='word_1_513' title='bbox 1718 4189 1808 4261; x_wconf 80' lang='lat' dir='ltr'>iusta</span> <span class='ocrx_word' id='word_1_514' title='bbox 1830 4189 1963 4276; x_wconf 78' lang='lat' dir='ltr'>facere3</span> <span class='ocrx_word' id='word_1_515' title='bbox 1995 4190 2101 4260; x_wconf 75' lang='lat' dir='ltr'>ilem:</span> 
     </span>
     <span class='ocr_line' id='line_1_40' title="bbox 67 4288 2101 4394; baseline -0.004 -26"><span class='ocrx_word' id='word_1_516' title='bbox 67 4293 217 4362; x_wconf 67' lang='lat' dir='ltr'>confuse</span> <span class='ocrx_word' id='word_1_517' title='bbox 232 4294 330 4378; x_wconf 81' lang='lat' dir='ltr'>dicit,</span> <span class='ocrx_word' id='word_1_518' title='bbox 356 4309 395 4365; x_wconf 85' lang='lat' dir='ltr'>ut</span> <span class='ocrx_word' id='word_1_519' title='bbox 412 4296 451 4366; x_wconf 86' lang='lat' dir='ltr'>in</span> <span class='ocrx_word' id='word_1_520' title='bbox 466 4297 580 4389; x_wconf 88' lang='lat' dir='ltr'>prima</span> <span class='ocrx_word' id='word_1_521' title='bbox 596 4299 833 4370; x_wconf 80' lang='lat' dir='ltr'>consessione:</span> <span class='ocrx_word' id='word_1_522' title='bbox 860 4297 946 4394; x_wconf 90' lang='lat' dir='ltr'>quid</span> <span class='ocrx_word' id='word_1_523' title='bbox 964 4295 1061 4366; x_wconf 91' lang='lat' dir='ltr'>aliud</span> <span class='ocrx_word' id='word_1_524' title='bbox 1111 4312 1193 4358; x_wconf 90' lang='lat' dir='ltr'>cum</span> <span class='ocrx_word' id='word_1_525' title='bbox 1227 4288 1362 4359; x_wconf 89' lang='lat' dir='ltr'>Daniel</span> <span class='ocrx_word' id='word_1_526' title='bbox 1394 4290 1553 4361; x_wconf 90' lang='lat' dir='ltr'>nominet</span> <span class='ocrx_word' id='word_1_527' title='bbox 1587 4305 1764 4360; x_wconf 88' lang='lat' dir='ltr'>aeternam</span> <span class='ocrx_word' id='word_1_528' title='bbox 1798 4291 1986 4374; x_wconf 88' lang='lat' dir='ltr'>iustitiam,</span> <span class='ocrx_word' id='word_1_529' title='bbox 2025 4313 2101 4359; x_wconf 91' lang='lat' dir='ltr'>non</span> 
     </span>
     <span class='ocr_line' id='line_1_41' title="bbox 67 4381 2100 4494; baseline -0 -30"><span class='ocrx_word' id='word_1_530' title='bbox 67 4409 123 4464; x_wconf 83' lang='lat' dir='ltr'>est</span> <span class='ocrx_word' id='word_1_531' title='bbox 157 4395 452 4486; x_wconf 83' lang='lat' dir='ltr'>praedestinatio,</span> <span class='ocrx_word' id='word_1_532' title='bbox 493 4423 600 4494; x_wconf 92' lang='lat' dir='ltr'>quam</span> <span class='ocrx_word' id='word_1_533' title='bbox 622 4397 856 4492; x_wconf 85' lang='lat' dir='ltr'>Evangelium</span> <span class='ocrx_word' id='word_1_534' title='bbox 878 4399 1063 4483; x_wconf 87' lang='lat' dir='ltr'>creditum,</span> <span class='ocrx_word' id='word_1_535' title='bbox 1112 4405 1227 4482; x_wconf 91' lang='lat' dir='ltr'>potest</span> <span class='ocrx_word' id='word_1_536' title='bbox 1247 4381 1449 4466; x_wconf 81' lang='lat' dir='ltr'>obedientia</span> <span class='ocrx_word' id='word_1_537' title='bbox 1465 4387 1599 4464; x_wconf 85' lang='lat' dir='ltr'>Christi</span> <span class='ocrx_word' id='word_1_538' title='bbox 1622 4391 1692 4464; x_wconf 89' lang='lat' dir='ltr'>dici</span> <span class='ocrx_word' id='word_1_539' title='bbox 1715 4393 1861 4466; x_wconf 88' lang='lat' dir='ltr'>iustitia.</span> <span class='ocrx_word' id='word_1_540' title='bbox 1913 4391 2016 4466; x_wconf 75' lang='lat' dir='ltr'>Talia</span> <span class='ocrx_word' id='word_1_541' title='bbox 2040 4416 2100 4462; x_wconf 88' lang='lat' dir='ltr'>so-</span> 
     </span>
     <span class='ocr_line' id='line_1_42' title="bbox 66 4487 1907 4589; baseline 0.004 -29"><span class='ocrx_word' id='word_1_542' title='bbox 66 4519 150 4565; x_wconf 71' lang='lat' dir='ltr'>fflm</span> <span class='ocrx_word' id='word_1_543' title='bbox 169 4499 274 4567; x_wconf 76' lang='lat' dir='ltr'>credo</span> <span class='ocrx_word' id='word_1_544' title='bbox 290 4513 324 4569; x_wconf 75' lang='lat' dir='ltr'>el</span> <span class='ocrx_word' id='word_1_545' title='bbox 340 4499 413 4569; x_wconf 70' lang='lat' dir='ltr'>scio</span> <span class='ocrx_word' id='word_1_546' title='bbox 430 4495 501 4589; x_wconf 70' lang='lat'>⁴⁵),</span> <span class='ocrx_word' id='word_1_547' title='bbox 521 4527 578 4570; x_wconf 82' lang='lat' dir='ltr'>me</span> <span class='ocrx_word' id='word_1_548' title='bbox 591 4525 664 4572; x_wconf 72' lang='lat' dir='ltr'>esse</span> <span class='ocrx_word' id='word_1_549' title='bbox 677 4504 901 4576; x_wconf 69' lang='lat' dir='ltr'>destinatum,</span> <span class='ocrx_word' id='word_1_550' title='bbox 955 4500 1061 4572; x_wconf 75' lang='lat' dir='ltr'>hem:</span> <span class='ocrx_word' id='word_1_551' title='bbox 1110 4487 1286 4586; x_wconf 74' lang='lat' dir='ltr'>pltlsmttla</span> <span class='ocrx_word' id='word_1_552' title='bbox 1302 4493 1571 4564; x_wconf 68' lang='lat' dir='ltr'>nonlolet&#39;an&#39;da</span> <span class='ocrx_word' id='word_1_553' title='bbox 1586 4495 1722 4566; x_wconf 85' lang='lat' dir='ltr'>suntin</span> <span class='ocrx_word' id='word_1_554' title='bbox 1738 4491 1907 4568; x_wconf 70' lang='lat' dir='ltr'>Eoelesitt.</span> 
     </span>
     <span class='ocr_line' id='line_1_43' title="bbox 65 4589 2101 4700; baseline 0.009 -34"><span class='ocrx_word' id='word_1_555' title='bbox 65 4597 183 4688; x_wconf 81' lang='lat' dir='ltr'>excipi</span> <span class='ocrx_word' id='word_1_556' title='bbox 197 4623 217 4668; x_wconf 88' lang='lat' dir='ltr'>a</span> <span class='ocrx_word' id='word_1_557' title='bbox 233 4601 337 4670; x_wconf 89' lang='lat' dir='ltr'>nobis</span> <span class='ocrx_word' id='word_1_558' title='bbox 352 4596 508 4692; x_wconf 89' lang='lat' dir='ltr'>hospitio</span> <span class='ocrx_word' id='word_1_559' title='bbox 518 4597 632 4672; x_wconf 90' lang='lat' dir='ltr'>Deum</span> <span class='ocrx_word' id='word_1_560' title='bbox 649 4602 789 4674; x_wconf 86' lang='lat' dir='ltr'>Patrem</span> <span class='ocrx_word' id='word_1_561' title='bbox 806 4619 840 4676; x_wconf 91' lang='lat' dir='ltr'>et</span> <span class='ocrx_word' id='word_1_562' title='bbox 852 4603 983 4676; x_wconf 83' lang='lat' dir='ltr'>Filium</span> <span class='ocrx_word' id='word_1_563' title='bbox 1002 4627 1063 4693; x_wconf 92' lang='lat' dir='ltr'>per</span> <span class='ocrx_word' id='word_1_564' title='bbox 1213 4589 1310 4681; x_wconf 67' lang='lat' dir='ltr'>Haaec</span> <span class='ocrx_word' id='word_1_565' title='bbox 1326 4593 1385 4684; x_wconf 69' lang='lat'>[³5⁰</span> <span class='ocrx_word' id='word_1_566' title='bbox 1398 4593 1738 4700; x_wconf 67' lang='lat' dir='ltr'>³lU‘ll⁰.f¹¹l⁸f,r⁰8³ll</span> <span class='ocrx_word' id='word_1_567' title='bbox 1755 4599 2012 4692; x_wconf 65' lang='lat' dir='ltr'>¹⁸⁸P⁰¹¹dl¹¹¹1¹³s</span> <span class='ocrx_word' id='word_1_568' title='bbox 2035 4619 2101 4668; x_wconf 67' lang='lat'>¹¹²⁶</span> 
     </span>
     <span class='ocr_line' id='line_1_44' title="bbox 65 4693 2102 4792; baseline 0 -26"><span class='ocrx_word' id='word_1_569' title='bbox 65 4699 297 4771; x_wconf 87' lang='lat' dir='ltr'>dilectionem</span> <span class='ocrx_word' id='word_1_570' title='bbox 331 4725 395 4774; x_wconf 86' lang='lat' dir='ltr'>seu</span> <span class='ocrx_word' id='word_1_571' title='bbox 424 4704 531 4774; x_wconf 87' lang='lat' dir='ltr'>fidem</span> <span class='ocrx_word' id='word_1_572' title='bbox 563 4705 603 4774; x_wconf 90' lang='lat' dir='ltr'>in</span> <span class='ocrx_word' id='word_1_573' title='bbox 629 4699 824 4777; x_wconf 88' lang='lat' dir='ltr'>Christum.</span> <span class='ocrx_word' id='word_1_574' title='bbox 881 4703 929 4778; x_wconf 86' lang='lat' dir='ltr'>Et</span> <span class='ocrx_word' id='word_1_575' title='bbox 958 4703 1080 4775; x_wconf 77' lang='lat' dir='ltr'>alibiz.</span> <span class='ocrx_word' id='word_1_576' title='bbox 1106 4693 1250 4790; x_wconf 55' lang='lat' dir='ltr'>‚priyelo</span> <span class='ocrx_word' id='word_1_577' title='bbox 1273 4693 1401 4766; x_wconf 70' lang='lat' dir='ltr'>affectu</span> <span class='ocrx_word' id='word_1_578' title='bbox 1419 4695 1494 4766; x_wconf 88' lang='lat' dir='ltr'>ullo</span> <span class='ocrx_word' id='word_1_579' title='bbox 1516 4723 1718 4792; x_wconf 86' lang='lat' dir='ltr'>movemur,</span> <span class='ocrx_word' id='word_1_580' title='bbox 1745 4701 1805 4770; x_wconf 90' lang='lat' dir='ltr'>scd</span> <span class='ocrx_word' id='word_1_581' title='bbox 1829 4699 1926 4792; x_wconf 90' lang='lat' dir='ltr'>pium</span> <span class='ocrx_word' id='word_1_582' title='bbox 1950 4723 2102 4771; x_wconf 89' lang='lat' dir='ltr'>consen-</span> 
     </span>
     <span class='ocr_line' id='line_1_45' title="bbox 1078 4789 2102 4896; baseline 0.003 -29"><span class='ocrx_word' id='word_1_583' title='bbox 1078 4822 1081 4837; x_wconf 75' lang='grc'>’</span> <span class='ocrx_word' id='word_1_584' title='bbox 1110 4821 1188 4896; x_wconf 77' lang='lat' dir='ltr'>susp</span> <span class='ocrx_word' id='word_1_585' title='bbox 1202 4793 1383 4868; x_wconf 83' lang='lat' dir='ltr'>Ecclesiae</span> <span class='ocrx_word' id='word_1_586' title='bbox 1399 4795 1436 4867; x_wconf 92' lang='lat' dir='ltr'>in</span> <span class='ocrx_word' id='word_1_587' title='bbox 1452 4789 1518 4871; x_wconf 81' lang='lat' dir='ltr'>laec</span> <span class='ocrx_word' id='word_1_588' title='bbox 1541 4801 1630 4873; x_wconf 90' lang='lat' dir='ltr'>urbe</span> <span class='ocrx_word' id='word_1_589' title='bbox 1649 4810 1683 4872; x_wconf 84' lang='lat' dir='ltr'>e&#39;t</span> <span class='ocrx_word' id='word_1_590' title='bbox 1701 4801 1993 4896; x_wconf 82' lang='lat' dir='ltr'>tranquillitatem</span> <span class='ocrx_word' id='word_1_591' title='bbox 2015 4801 2102 4872; x_wconf 91' lang='lat' dir='ltr'>reti-</span> 
     </span>
    </p>
   </div>
   <div class='ocr_carea' id='block_1_3' title="bbox 1111 4896 2101 4995">
    <p class='ocr_par' dir='ltr' id='par_1_3' title="bbox 1111 4896 2101 4995">
     <span class='ocr_line' id='line_1_46' title="bbox 1111 4896 2101 4995; baseline 0.003 -27"><span class='ocrx_word' id='word_1_592' title='bbox 1111 4899 1188 4970; x_wconf 89' lang='lat' dir='ltr'>neri</span> <span class='ocrx_word' id='word_1_593' title='bbox 1212 4913 1385 4992; x_wconf 85' lang='lat' dir='ltr'>optamus.</span> <span class='ocrx_word' id='word_1_594' title='bbox 1444 4896 1640 4974; x_wconf 87' lang='lat' dir='ltr'>Hortamur</span> <span class='ocrx_word' id='word_1_595' title='bbox 1664 4903 1767 4972; x_wconf 86' lang='lat' dir='ltr'>etiam</span> <span class='ocrx_word' id='word_1_596' title='bbox 1794 4903 1887 4995; x_wconf 90' lang='lat' dir='ltr'>ipsos</span> <span class='ocrx_word' id='word_1_597' title='bbox 1910 4903 2101 4974; x_wconf 88' lang='lat' dir='ltr'>conciona-</span> 
     </span>
    </p>
   </div>
   <div class='ocr_carea' id='block_1_4' title="bbox 98 4999 2103 5164">
    <p class='ocr_par' dir='ltr' id='par_1_4' title="bbox 98 4999 2103 5164">
     <span class='ocr_line' id='line_1_47' title="bbox 98 4999 2103 5100; baseline -0 -27"><span class='ocrx_word' id='word_1_598' title='bbox 98 5001 147 5073; x_wconf 78' lang='lat'>⁴⁰)</span> <span class='ocrx_word' id='word_1_599' title='bbox 169 5005 210 5068; x_wconf 78' lang='lat' dir='ltr'>ee]</span> <span class='ocrx_word' id='word_1_600' title='bbox 231 4999 307 5061; x_wconf 72' lang='lat' dir='ltr'>satta</span> <span class='ocrx_word' id='word_1_601' title='bbox 325 5001 389 5060; x_wconf 66' lang='grc' dir='ltr'>ωδ·</span> <span class='ocrx_word' id='word_1_602' title='bbox 408 5001 495 5060; x_wconf 74' lang='lat' dir='ltr'>Getta.</span> <span class='ocrx_word' id='word_1_603' title='bbox 513 5001 557 5061; x_wconf 80' lang='lat'>¹9·</span> <span class='ocrx_word' id='word_1_604' title='bbox 1113 5015 1204 5072; x_wconf 88' lang='lat' dir='ltr'>tores</span> <span class='ocrx_word' id='word_1_605' title='bbox 1219 5001 1257 5072; x_wconf 87' lang='lat' dir='ltr'>iu</span> <span class='ocrx_word' id='word_1_606' title='bbox 1275 5017 1423 5100; x_wconf 86' lang='lat' dir='ltr'>utraque</span> <span class='ocrx_word' id='word_1_607' title='bbox 1439 5021 1558 5098; x_wconf 88' lang='lat' dir='ltr'>parte,</span> <span class='ocrx_word' id='word_1_608' title='bbox 1590 5029 1634 5074; x_wconf 88' lang='lat' dir='ltr'>ne</span> <span class='ocrx_word' id='word_1_609' title='bbox 1650 5005 1731 5076; x_wconf 90' lang='lat' dir='ltr'>odia</span> <span class='ocrx_word' id='word_1_610' title='bbox 1754 5023 1948 5100; x_wconf 80' lang='lat' dir='ltr'>augeantur</span> <span class='ocrx_word' id='word_1_611' title='bbox 1962 5001 2007 5100; x_wconf 82' lang='lat'>⁴⁸)</span> <span class='ocrx_word' id='word_1_612' title='bbox 2030 5005 2103 5073; x_wconf 89' lang='lat' dir='ltr'>ira-</span> 
     </span>
     <span class='ocr_line' id='line_1_48' title="bbox 98 5087 741 5164; baseline 0.008 -22"><span class='ocrx_word' id='word_1_613' title='bbox 98 5089 146 5156; x_wconf 81' lang='lat' dir='ltr'>st)</span> <span class='ocrx_word' id='word_1_614' title='bbox 165 5089 198 5142; x_wconf 91' lang='lat' dir='ltr'>lo</span> <span class='ocrx_word' id='word_1_615' title='bbox 217 5096 290 5142; x_wconf 82' lang='lat' dir='ltr'>textu</span> <span class='ocrx_word' id='word_1_616' title='bbox 310 5089 445 5160; x_wconf 85' lang='lat' dir='ltr'>impressu</span> <span class='ocrx_word' id='word_1_617' title='bbox 464 5095 571 5144; x_wconf 81' lang='lat' dir='ltr'>tautum</span> <span class='ocrx_word' id='word_1_618' title='bbox 588 5087 687 5164; x_wconf 75' lang='lat' dir='ltr'>legitur</span> <span class='ocrx_word' id='word_1_619' title='bbox 704 5089 741 5147; x_wconf 84' lang='lat' dir='ltr'>B.</span> 
     </span>
    </p>
   </div>
   <div class='ocr_carea' id='block_1_5' title="bbox 97 5172 1806 5335">
    <p class='ocr_par' dir='ltr' id='par_1_5' title="bbox 97 5172 1806 5335">
     <span class='ocr_line' id='line_1_49' title="bbox 98 5172 1806 5240; baseline 0.005 -11"><span class='ocrx_word' id='word_1_620' title='bbox 98 5177 146 5240; x_wconf 76' lang='grc'>42)</span> <span class='ocrx_word' id='word_1_621' title='bbox 166 5173 237 5228; x_wconf 80' lang='lat' dir='ltr'>coa.</span> <span class='ocrx_word' id='word_1_622' title='bbox 255 5172 339 5230; x_wconf 80' lang='lat' dir='ltr'>Goth.</span> <span class='ocrx_word' id='word_1_623' title='bbox 360 5175 554 5230; x_wconf 77' lang='lat' dir='ltr'>19.teamam.</span> <span class='ocrx_word' id='word_1_624' title='bbox 1803 5231 1806 5238; x_wconf 89' lang='lat'><em>.</em></span> 
     </span>
     <span class='ocr_line' id='line_1_50' title="bbox 97 5257 1713 5335; baseline 0.003 -17"><span class='ocrx_word' id='word_1_625' title='bbox 97 5261 146 5328; x_wconf 74' lang='grc'>48)</span> <span class='ocrx_word' id='word_1_626' title='bbox 166 5259 236 5330; x_wconf 79' lang='lat' dir='ltr'>qu.</span> <span class='ocrx_word' id='word_1_627' title='bbox 256 5257 342 5326; x_wconf 75' lang='lat' dir='ltr'>Goth.</span> <span class='ocrx_word' id='word_1_628' title='bbox 360 5261 402 5319; x_wconf 77' lang='lat'>19.</span> <span class='ocrx_word' id='word_1_629' title='bbox 419 5261 578 5331; x_wconf 63' lang='lat' dir='ltr'>leonaste.</span> <span class='ocrx_word' id='word_1_630' title='bbox 1008 5296 1014 5304; x_wconf 89' lang='lat'><strong>·</strong></span> <span class='ocrx_word' id='word_1_631' title='bbox 1143 5262 1190 5330; x_wconf 80' lang='grc'>46)</span> <span class='ocrx_word' id='word_1_632' title='bbox 1212 5263 1283 5320; x_wconf 87' lang='lat' dir='ltr'>Cod.</span> <span class='ocrx_word' id='word_1_633' title='bbox 1303 5262 1385 5320; x_wconf 86' lang='lat' dir='ltr'>Gotb.</span> <span class='ocrx_word' id='word_1_634' title='bbox 1402 5263 1444 5322; x_wconf 78' lang='lat' dir='ltr'>tt.</span> <span class='ocrx_word' id='word_1_635' title='bbox 1459 5263 1562 5335; x_wconf 79' lang='lat' dir='ltr'>ubique</span> <span class='ocrx_word' id='word_1_636' title='bbox 1580 5263 1713 5323; x_wconf 69' lang='lat' dir='ltr'>Veteres.</span> 
     </span>
    </p>
   </div>
   <div class='ocr_carea' id='block_1_6' title="bbox 1115 5166 1341 5181">
    <p class='ocr_par' dir='ltr' id='par_1_6' title="bbox 1115 5166 1341 5181">
     <span class='ocr_line' id='line_1_51' title="bbox 1115 5166 1341 5181; baseline 0.004 -1"><span class='ocrx_word' id='word_1_637' title='bbox 1115 5166 1341 5181; x_wconf 58' lang='lat' dir='ltr'>m·</span> 
     </span>
    </p>
   </div>
   <div class='ocr_carea' id='block_1_7' title="bbox 97 5343 2186 5424">
    <p class='ocr_par' dir='ltr' id='par_1_7' title="bbox 97 5343 2186 5424">
     <span class='ocr_line' id='line_1_52' title="bbox 97 5343 2186 5424; baseline 0.006 -27"><span class='ocrx_word' id='word_1_638' title='bbox 97 5347 145 5410; x_wconf 77' lang='grc'>44)</span> <span class='ocrx_word' id='word_1_639' title='bbox 164 5345 298 5413; x_wconf 76' lang='lat' dir='ltr'>iustitiae]</span> <span class='ocrx_word' id='word_1_640' title='bbox 318 5345 382 5400; x_wconf 84' lang='lat' dir='ltr'>cod.</span> <span class='ocrx_word' id='word_1_641' title='bbox 401 5343 485 5400; x_wconf 88' lang='lat' dir='ltr'>Gotb.</span> <span class='ocrx_word' id='word_1_642' title='bbox 498 5345 541 5402; x_wconf 82' lang='lat'>19.</span> <span class='ocrx_word' id='word_1_643' title='bbox 558 5363 610 5416; x_wconf 92' lang='lat' dir='ltr'>pro</span> <span class='ocrx_word' id='word_1_644' title='bbox 627 5347 845 5417; x_wconf 66' lang='lat' dir='ltr'>sisstrficuttosss&#39;s.</span> <span class='ocrx_word' id='word_1_645' title='bbox 1142 5347 1186 5416; x_wconf 88' lang='grc'>47)</span> <span class='ocrx_word' id='word_1_646' title='bbox 1206 5347 1397 5403; x_wconf 83' lang='lat' dir='ltr'>l&#39;rsctermissa</span> <span class='ocrx_word' id='word_1_647' title='bbox 1414 5345 1480 5406; x_wconf 83' lang='lat' dir='ltr'>bsec</span> <span class='ocrx_word' id='word_1_648' title='bbox 1497 5343 1613 5406; x_wconf 76' lang='lat' dir='ltr'>suntab</span> <span class='ocrx_word' id='word_1_649' title='bbox 1630 5349 1738 5406; x_wconf 85' lang='lat' dir='ltr'>editore</span> <span class='ocrx_word' id='word_1_650' title='bbox 1755 5349 1784 5406; x_wconf 90' lang='lat' dir='ltr'>iu</span> <span class='ocrx_word' id='word_1_651' title='bbox 1802 5351 1850 5412; x_wconf 71' lang='lat' dir='ltr'>bn</span> <span class='ocrx_word' id='word_1_652' title='bbox 1868 5351 1954 5424; x_wconf 58' lang='lat' dir='ltr'>uulsi.</span> <span class='ocrx_word' id='word_1_653' title='bbox 1971 5351 2067 5424; x_wconf 64' lang='grc' dir='ltr'>Μι-</span> <span class='ocrx_word' id='word_1_654' title='bbox 2183 5347 2186 5355; x_wconf 75' lang='lat'>&#39;</span> 
     </span>
    </p>
   </div>
   <div class='ocr_carea' id='block_1_8' title="bbox 99 5425 1594 5506">
    <p class='ocr_par' dir='ltr' id='par_1_8' title="bbox 99 5425 1594 5506">
     <span class='ocr_line' id='line_1_53' title="bbox 99 5425 1594 5506; baseline 0.002 -21"><span class='ocrx_word' id='word_1_655' title='bbox 99 5433 147 5502; x_wconf 78' lang='grc'>45)</span> <span class='ocrx_word' id='word_1_656' title='bbox 166 5429 239 5486; x_wconf 80' lang='lat' dir='ltr'>cot.</span> <span class='ocrx_word' id='word_1_657' title='bbox 257 5425 344 5486; x_wconf 83' lang='lat' dir='ltr'>Gotlt.</span> <span class='ocrx_word' id='word_1_658' title='bbox 358 5431 399 5492; x_wconf 86' lang='lat'>19.</span> <span class='ocrx_word' id='word_1_659' title='bbox 417 5449 481 5486; x_wconf 79' lang='lat' dir='ltr'>suut</span> <span class='ocrx_word' id='word_1_660' title='bbox 497 5434 597 5502; x_wconf 65' lang='lat' dir='ltr'>vedu,</span> <span class='ocrx_word' id='word_1_661' title='bbox 614 5431 682 5487; x_wconf 79' lang='lat' dir='ltr'>sss&#39;o.</span> <span class='ocrx_word' id='word_1_662' title='bbox 1142 5432 1189 5506; x_wconf 82' lang='grc'>48)</span> <span class='ocrx_word' id='word_1_663' title='bbox 1208 5434 1278 5493; x_wconf 85' lang='lat' dir='ltr'>God.</span> <span class='ocrx_word' id='word_1_664' title='bbox 1297 5434 1385 5492; x_wconf 74' lang='lat' dir='ltr'>Goth.</span> <span class='ocrx_word' id='word_1_665' title='bbox 1397 5434 1594 5506; x_wconf 59' lang='lat' dir='ltr'>tuasgerat.</span> 
     </span>
    </p>
   </div>
   <div class='ocr_carea' id='block_1_9' title="bbox 0 0 2348 5816">
    <p class='ocr_par' dir='ltr' id='par_1_9' title="bbox 0 0 2348 5816">
     <span class='ocr_line' id='line_1_54' title="bbox 0 0 2348 5816; baseline 0 2"><span class='ocrx_word' id='word_1_666' title='bbox 0 0 2348 5816; x_wconf 95' lang='lat' dir='ltr'> </span> 
     </span>
    </p>
   </div>
  </div>
 </body>
</html>
