4714 5832
92 261 148 337 eo
242 229 251 236 '
656 243 1098 329 rorsrorauou
1148 241 1259 322 cru.
1284 241 1369 320 ru
1422 243 1556 328 cros.
2087 211 2146 330 ro

95 431 188 503 riam
216 431 292 503 eins
312 430 477 518 mittere,
508 443 550 503 ut
571 429 769 502 orationem
792 443 1095 518 componeremus,
1145 425 1226 486 com
1252 417 1435 488 absolvere
1458 419 1563 512 cupio
1585 432 1667 492 ante
1684 419 1883 497 Mercatum
1902 417 2139 524 Francosor-

95 533 361 624 adiungendam
374 533 455 606 aliis
469 533 602 614 multis.
623 545 664 602 ut
679 532 723 600 de
737 517 946 622 Crocr‘gcrq
970 541 1005 597 et
1017 525 1096 595 aliis
1145 512 1325 605 diensem,
1351 533 1386 590 et
1405 522 1504 592 ablui
1528 517 1584 591 his
1605 523 1730 594 diebus
1745 518 1914 623 Lipsiae.
1965 527 2019 599 De
2037 529 2136 598 ordi-

96 637 334 732 quibugdam‚
368 635 505 730 scripsi,
570 634 678 706 Μῑηο
707 633 773 704 ribi
803 631 977 724 pagellas,
1011 651 1094 697 nam
1145 621 1290 690 natione
1322 623 1567 694 ministrorum
1594 621 1782 714 Evangelii
1816 631 1966 700 scribam
1999 630 2138 724 aliquid

97 739 218 828 plnres
238 763 337 808 nunc
359 763 435 809 non
451 733 625 810 habebam
639 737 683 807 ad
701 757 839 808 manus.
890 729 1095 805 Benevale.
1145 722 1303 813 plenius,
1326 725 1444 793 statim
1463 741 1542 818 post
1559 727 1751 798 editionem
1775 729 1954 812 locorum,
1981 733 2060 802 Deo
2078 733 2136 802 in-

95 833 166 918 Die
185 843 219 914 1.
234 837 422 912 Februarii
441 836 551 915 1558.

611 931 801 1032 Philippus
818 929 1046 1010 Melanthon.

92 1131 1092 1183 ..-—.....s-....-..-----—----

920 1321 976 1381 12.
993 1313 1082 1382 Febr.

914 1405 1088 1438 Μ

108 1311 179 1386 No.
195 1311 309 1394 6³2⁷.

102 1417 318 1452 Μ

418 1495 512 1585 ·Io.
543 1495 742 1583 Petreio.

168 1661 192 1732 †
209 1660 248 1716 Ex
263 1670 370 1736 entoqr.
384 1659 452 1718 Mel.
466 1659 494 1714 in
508 1659 573 1718 cod.
584 1658 667 1714 emt
679 1655 765 1716 XXV.
785 1655 835 1716 rot
849 1657 895 1714 ts.

103 1807 327 1886 Venerando
342 1807 440 1886 Viro
460 1805 663 1880 eruditione
685 1818 716 1880 et
735 1808 865 1882 virtute
885 1808 1097 1908 praestanti

97 1912 268 1986 Domino
290 1909 507 1985 Iohanni
530 1905 713 1982 Petreio
737 1909 928 1983 Ecclesiae
951 1909 1032 1982 Dei
1053 1909 1092 1981 in

320 2009 392 2089 W
387 2009 634 2114 iilondsdors
635 2070 645 2101 ,
669 2015 789 2084 amico
802 2037 881 2085 suo.

99 2153 149 2240 S.
174 2163 219 2238 D.
269 2164 482 2238 Venerande
496 2165 563 2238 vir.
615 2161 761 2234 Mallem
778 2187 895 2234 coram
913 2165 957 2232 de
970 2164 1093 2234 multis

96 2272 205 2340 rebus
228 2281 342 2340 tecum
366 2267 478 2360 loqui.
528 2263 577 2336 Et
592 2261 805 2336 Reverendo
824 2266 900 2338 viro
915 2265 997 2336 Duo
1014 2259 1089 2334 Po-

98 2369 195 2441 stori
207 2383 329 2442 nostro
344 2369 429 2440 item
447 2367 561 2438 visum
579 2381 647 2454 est,
674 2380 715 2438 ut
734 2380 768 2436 te
783 2391 941 2450 orarem,
965 2383 1006 2438 ιιι
1021 2361 1092 2437 huc

98 2473 224 2542 venias
248 2485 289 2544 ut
312 2483 345 2542 te
369 2470 491 2540 audiat
512 2483 631 2540 nostra
652 2465 810 2538 Ecclesia
822 2461 872 2564 ⁴⁵).
920 2467 1091 2538 Nondum

97 2575 196 2643 enim
219 2571 374 2646 decrevit
398 2573 442 2640 de
465 2583 539 2642 toto
562 2571 722 2660 negocio.
772 2567 892 2658 Quare
908 2583 942 2638 te
966 2595 1029 2640 oro
1051 2583 1089 2640 nt

98 2673 169 2746 huc
190 2675 375 2768 expetieris
400 2686 478 2762 post
503 2673 591 2742 duas
622 2673 847 2762 septimanas.
903 2671 1091 2742 Desiderat

97 2779 289 2848 diaconum
307 2788 341 2846 et
356 2773 567 2846 Dresdensis
582 2769 751 2847 Ecclesia.
792 2772 893 2842 lbisi
910 2797 983 2846 esse
999 2774 1089 2842 mal-

95 2880 166 2962 les,
192 2877 224 2946 ei
240 2891 274 2949 te
289 2873 467 2948 Ecclesiae
486 2877 784 2947 commendarem.
837 2875 904 2946 Sed
932 2901 1089 2946 commo·

95 2980 284 3051 dissimum
312 2993 401 3052 emet
429 2999 494 3047 nos
523 3001 643 3046 coram
668 2976 835 3070 colloqui.
888 2979 1008 3066 Quare
1032 2977 1087 3046 vel

95 3084 171 3174 ipse
186 3081 364 3165 advenias,
385 3081 441 3148 vel
455 3079 629 3169 significes
643 3092 741 3148 tuam
752 3077 985 3153 voluntatem.
1018 3073 1047 3147 Ι
1046 3103 1087 3147 u·

93 3182 147 3252 sti
162 3177 309 3269 Marcii,
334 3181 439 3253 amici
457 3182 548 3266 mei,
573 3181 702 3252 coniux
728 3195 889 3252 matrona
911 3175 1086 3250 honestis-

93 3286 184 3354 sima
201 3309 316 3376 nuper
330 3309 371 3354 ex
392 3277 459 3353 bac
474 3283 614 3352 mortali
630 3282 702 3352 vita
725 3283 770 3350 ad
789 3283 951 3352 celestem
963 3277 1086 3352 Eccle-

93 3387 182 3457 siam
207 3399 241 3456 et
264 3386 500 3456 immortalem
527 3397 668 3454 evocata
694 3395 756 3458 est.
815 3379 904 3453 Eius
931 3396 964 3454 te
987 3385 1084 3456 luctu

92 3487 196 3558 adiici
213 3488 298 3562 scio.
349 3486 418 3557 Sed
437 3483 552 3555 Deum
570 3507 710 3554 oremus
727 3498 768 3554 ut
785 3486 944 3575 publicas
960 3500 994 3555 et
1012 3487 1086 3580 pri-

94 3604 191 3659 vatas
204 3611 392 3660 aerumnas
407 3587 528 3660 leniat.
580 3585 689 3656 Mitto
705 3587 771 3663 tibi
795 3588 948 3676 pagellas
964 3612 1085 3658 recens

94 3685 152 3762 bic
177 3713 330 3767 excusas.
381 3687 480 3760 Bene
495 3688 584 3763 vale.
635 3685 704 3758 Die
722 3689 779 3760 12.
797 3687 902 3758 Febr.

1144 837 1261 897 vante.
1312 821 1475 895 abdiam
1491 823 1528 922 *)
1551 829 1684 900 adseret
1703 825 1749 902 D.
1767 831 1903 901 Doctor
1918 825 2136 920 Milichus,

1145 926 1209 996 etsi
1224 925 1328 996 video
1347 951 1419 997 uon
1436 951 1511 1000 esse
1527 943 1679 1000 veterem
1702 947 1737 1001 et
1752 927 1994 1024 incorruptam
2011 933 2135 1006 Histo-

1144 1027 1247 1102 riam.
1298 1027 1353 1098 De
1374 1032 1486 1100 causis
1505 1033 1660 1102 mirandi
1685 1034 1834 1104 foederis
1850 1035 1993 1107 divinae
2014 1051 2048 1108 et
2065 1031 2135 1107 hn-

1144 1153 1268 1200 manae
1282 1145 1430 1200 natnrae
1445 1132 1481 1202 iu
1493 1129 1635 1204 Christo
1651 1133 1744 1204 Filio
1757 1132 1825 1204 Dei
1840 1151 1923 1208 nato
1940 1136 2137 1228 exVirgine

1145 1231 1202 1322 pie
1224 1232 1451 1322 cogitandum
1476 1247 1546 1322 est,
1577 1251 1612 1307 et
1630 1239 1775 1329 prodest
1797 1251 1912 1308 extare
1932 1263 2136 1310 commone-

1143 1333 1314 1403 iactiones
1336 1349 1430 1404 recte
1451 1337 1608 1429 scriptas.
1658 1336 1744 1429 Legi
1762 1335 1934 1410 Ausclmi
1952 1343 2135 1434 scriptum,

1144 1421 1224 1503 Cur
1242 1429 1349 1505 Deus
1373 1429 1500 1506 homo:
1526 1441 1621 1532 quod
1640 1439 1706 1509 etsi
1728 1441 1869 1512 tenuius
1893 1456 1928 1515 et
1949 1443 2134 1515 obscurius

1144 1549 1214 1622 est,
1238 1527 1361 1607 tameri
1380 1541 1518 1611 nonsit
1539 1543 1699 1632 ignotum
1724 1543 1902 1616 studiosis.
1953 1543 2046 1615 lllud
2069 1569 2135 1616 au-

1143 1651 1213 1708 tem
1238 1639 1276 1707 in
1299 1633 1524 1711 Germanico
1548 1643 1684 1736 pagella
1707 1641 1747 1719 C.
1770 1643 1815 1718 T.
1839 1645 1962 1718 durius
1991 1647 2135 1734 dicitur,

1143 1743 1240 1836 qnod
1277 1744 1474 1832 oportuerit
1499 1744 1548 1814 sic
1575 1746 1702 1837 redimi
1737 1741 1918 1829 homines,
1959 1773 2025 1820 nos
2057 1773 2133 1821 non

1143 1843 1345 1936 quaerimus
1366 1847 1581 1916 necessitatis
1602 1869 1743 1932 causas,
1775 1851 1835 1918 sed
1860 1851 1956 1943 quod
1976 1851 2023 1919 ita
2046 1875 2134 1920 con-

1143 1947 1288 2034 gruerit.
1325 1941 1408 2015 ldeo
1424 1949 1452 2015 si
1467 1949 1544 2018 vult
1561 1947 1599 2020 C.
1611 1947 1655 2020 T.
1671 1951 1726 2017 edi
1743 1949 1847 2019 talem
1863 1951 2017 2044 aliquam
2035 1977 2133 2022 com·

1142 2047 1458 2134 monefactionem,
1484 2051 1633 2120 scrilmm
1659 2051 1873 2141 pleniorem,
1903 2067 1937 2124 et
1959 2057 2132 2148 quaedam

1142 2149 1248 2217 verba
1269 2149 1414 2218 (tetriora
1431 2151 1614 2246 omittam.¹
1643 2151 1696 2222 Do
1709 2179 1817 2224 censu
1834 2179 1978 2247 prorsus
1994 2157 2042 2227 sic
2060 2171 2131 2227 sta-

1143 2263 1220 2318 tuo:
1252 2247 1407 2319 Censura
1431 2249 1522 2320 nibil
1545 2257 1589 2322 ad
1613 2257 1775 2344 gravidas
1795 2279 1859 2324 nec
1874 2259 1917 2327 ad
1940 2259 2074 2330 foetum
2094 2259 2132 2326 in

1140 2363 1241 2420 utero
1258 2353 1455 2442 pertinere,
1481 2356 1564 2446 quia
1590 2369 1664 2425 erat
1686 2357 1900 2448 conscriptio
1919 2359 2076 2430 virorum
2098 2375 2133 2430 et

1140 2453 1366 2536 sacrrltatum,
1391 2467 1433 2524 ut
1456 2456 1493 2522 in
1513 2454 1663 2546 imperio
1685 2459 1852 2540 sciretur,
1879 2463 1975 2529 unde
2000 2461 2131 2531 milites

1140 2555 1231 2623 scuni
1257 2571 1416 2644 possent.
1452 2571 1486 2628 et
1510 2559 1572 2627 ubi
1596 2560 1768 2628 exercitus
1784 2560 1832 2628 ali
1855 2577 2006 2654 possent.
2057 2561 2132 2632 Nec

1142 2669 1255 2725 textus
1278 2659 1327 2726 sic
1344 2659 1382 2724 in
1397 2649 1506 2726 Luco
1527 2659 1781 2750 intelligendus
1803 2675 1873 2748 est,
1897 2664 2031 2734 foetum
2047 2687 2130 2734 cen-

1139 2758 1225 2843 seri,
1250 2761 1310 2827 sed
1326 2759 1496 2850 particula
1516 2756 1587 2832 σὺν
1601 2759 1750 2856 propriu
1764 2768 1810 2858 τῇ
1824 2761 2130 2860 μεμνηστευμένη

1139 2859 1312 2928 reseratur
1327 2863 1371 2928 ad
1393 2863 1539 2931 verbnm
1557 2861 1692 2958 ἀνέβη,
1721 2891 1794 2934 nou
1812 2869 1856 2936 ad
1874 2869 2019 2936 verbum
2038 2864 2130 2940 ἄπο-

1137 2953 1366 3058 ypoicpeoduc.
1394 2959 1471 3032 Hoc
1487 2957 1754 3052 narratLucos,
1769 2961 1905 3066 Ioseph
1914 2970 2030 3040 virum
2047 2993 2130 3039 san-

1139 3077 1232 3132 ctum
1249 3077 1285 3133 et
1298 3063 1466 3135 scientem
1489 3066 1559 3135 iam
1576 3068 1762 3157 coniugem
1781 3091 1854 3139 esse
1872 3071 2055 3162 gravidam
2072 3069 2129 3141 di-

1140 3164 1289 3249 vinitus,
1316 3178 1350 3235 et
1364 3165 1557 3256 parituram
1572 3191 1646 3238 esse
1662 3165 1862 3254 Messium,
1887 3197 1961 3243 uon
1974 3173 2129 3242 voluisse

1140 3267 1340 3360 relinquere
1357 3268 1467 3336 solam
1487 3269 1600 3350 domi,
1630 3295 1709 3340 cum
1736 3272 1851 3363 ipsum
1875 3299 2014 3344 necesse
2039 3287 2129 3346 esset

1140 3369 1311 3458 proficisci
1332 3371 1375 3437 ad
1393 3371 1509 3439 locum
1533 3373 1588 3440 sui
1612 3397 1755 3460 census,
1780 3375 1863 3467 quia
1884 3377 1998 3448 voluit
2023 3400 2128 3466 puer-

1139 3493 1240 3560 perae
1274 3484 1449 3561 praestare
1480 3473 1593 3543 officia
1630 3477 1835 3547 necessaria.
1890 3473 1938 3548 Et
1973 3475 2128 3567 Spiritus

1137 3587 1278 3642 sanctus
1296 3573 1405 3642 movit
1422 3573 1496 3643 eins
1514 3590 1655 3665 pectus,
1684 3591 1827 3669 propter
1850 3580 2128 3669 praedictionem

1138 3673 1176 3744 iu
1193 3666 1351 3742 Michera
1367 3675 1544 3765 scriptam.
1594 3673 1676 3747 Alia
1694 3679 1854 3772 quaestio
1875 3681 2049 3751 eruditior
2064 3695 2128 3768 est,

596 3801 787 3900 Philippus
811 3801 1034 3879 Melanthon·
1137 3768 1198 3892 Arc
1213 3773 1411 3871 oportuerit
1427 3769 1563 3873 loseph
1579 3773 1735 3876 pendere
1749 3777 1910 3879 quinque
1925 3777 2047 3852 Sicios
2057 3805 2128 3878 pro

1133 3875 1396 3973 primogenito,
1417 3899 1495 3948 cum
1511 3873 1736 3952 Nozorocus
1744 3879 1894 3980 suerit?
1917 3883 1986 3956 Sed
2007 3886 2127 3952 existi-

96 4009 1080 4026 ..ff-...ffl--n--n-u--ffl--m—-u--n-w-n-
1136 4003 1195 4048 mo
1209 3981 1371 4050 debuisse
1385 3971 1520 4076 Ioseph
1545 3986 1698 4072 pendere
1721 3985 1801 4053 illos
1816 3986 1976 4078 quinque
1993 3981 2128 4071 Sr‘clos,

914 4105 971 4219 1¹9.
992 4149 1080 4212 rear.

904 4237 1077 4268 m

91 4145 159 4220 No.
178 4143 295 4218 5888.

99 4241 273 4272 Μ

320 4327 518 4444 Georpio
548 4325 629 4412 Pr.
659 4323 855 4414 Anboit.

159 4509 231 4636 ”¹12¹ss
243 4505 334 4648 quq.
347 4507 433 4645 ᾗς..
452 4525 478 4578 μ
491 4505 568 4561 eor:
593 4504 679 4577 upa.
693 4505 742 4561 uo.
756 4506 779 4564 u
794 4527 824 4578 p.
840 4509 899 4564 ros.
916 4509 978 4580 (aa.
992 4509 1082 4565 conr.

221 4731 275 4808 D.
301 4687 508 4828 Georgio
535 4687 947 4846 il’rincrpisiolmldioo
1001 4817 1005 4838 ἲ

95 4857 136 4944 S.
160 4871 204 4946 D.
258 4869 428 4942 Nondum
463 4834 803 4956 absoluifsttuiptnrn
832 4873 876 4940 de
902 4867 1083 4942 Stunca'ri

96 4973 345 5044 controversia:
375 4970 466 5042 Nam
490 4969 683 5041 editionem
704 4971 863 5040 locorum
880 4965 1079 5044 Germani-

92 5141 303 5157 -u--n--fl—-t

121 5229 149 5300 θ)
167 5228 271 5282 Geor.
289 5225 435 5280 ruamur
451 5222 517 5288 (rid.
537 5222 652 5294 Aliquot
670 5221 705 5276 G.
725 5221 843 5280 Fabricii
854 5223 896 5278 'ad
916 5223 1076 5282 Maurarum

152 5297 184 5350 de
197 5295 245 5348 Me
258 5293 411 5348 auclttbone
429 5291 569 5363 epistolae.
605 5290 678 5363 Lipc.
696 5293 771 5346 1829.
790 5311 814 5362 p.
835 5296 885 5358 15.)
908 5297 988 5348 daeo
1003 5297 1074 5350 seri·
1137 5309 1141 5316 '

150 5365 188 5417 bit
201 5364 231 5418 d.
245 5361 290 5417 28.
303 5360 354 5414 tot.
372 5359 445 5414 teat.
462 5360 607 5413 Merrreroe
633 5359 798 5431 „Ioannem
809 5361 966 5434 petreum,
985 5363 1073 5419 virum

150 5433 261 5492 doctum
274 5438 302 5488 et
312 5428 341 5484 in
352 5427 453 5490 divinis
464 5428 606 5502 scriptoris
617 5429 804 5502 exercitatum,
819 5450 852 5488 ac
862 5441 937 5486 recte
949 5430 1072 5492 sentim.

1135 4079 1173 4150 id
1190 4095 1251 4164 est,
1276 4084 1366 4152 duos
1381 4077 1626 4152 toartimtcos
1641 4109 1718 4154 cum
1735 4085 1898 4172 dimidio,
1924 4088 2006 4180 quia
2018 4083 2127 4158 Chri-

1134 4195 1209 4251 stus
1227 4206 1301 4251 non
1326 4179 1641 4278 iuitNazoroeos
1659 4187 1808 4276 ‘politico
1831 4187 1894 4256 illo
1915 4213 2034 4270 more,
2060 4214 2125 4260 nec

1134 4285 1328 4354 attributus
1346 4288 1496 4376 templo,
1522 4301 1561 4356 ut
1582 4283 1746 4356 Samuel.
1798 4285 1895 4358 Bene
1918 4305 1951 4359 et
1975 4291 2124 4364 feliciter

1020 4455 1023 4458 .
1134 4385 1248 4457 valeat
1263 4383 1305 4461 C.
1320 4384 1414 4458 tter
1430 4385 1470 4458 C.
1487 4386 1532 4458 Τ.
1546 4389 1653 4458 frater
1671 4386 1834 4464 lllustris.
1850 4391 1909 4460 die
1930 4393 1989 4467 19.
2006 4393 2110 4468 Febr.

1136 4568 1358 4582 Um*-

1203 4689 1258 4736 tem
1279 4691 1305 4734 et
1325 4681 1421 4754 magni
1438 4685 1524 4738 enirni
1541 4686 1700 4753 bominem,
1718 4689 1834 4758 novistis
1850 4691 1876 4747 ia
1888 4691 2000 4756 locum.
2020 4695 2049 4748 io
2064 4713 2121 4766 quo

1200 4761 1341 4819 nuncest,
1362 4751 1462 4806 scrutari
1477 4755 1567 4824 cupit,
1585 4768 1609 4808 et
1623 4755 1701 4809 hairet
1716 4778 1807 4812 causas
1824 4759 1965 4828 honestas,
1986 4764 2120 4816 valetudi-

1200 4840 1263 4874 nem
1278 4821 1380 4888 uxoris,
1394 4841 1462 4892 quae
1476 4824 1579 4878 labores
1593 4836 1617 4876 et
1633 4845 1701 4896 opus
1717 4829 1848 4882 rusticum
1860 4829 1931 4884 ierne
1945 4851 2002 4884 uon
2016 4843 2120 4900 potesta

1201 4889 1275 4959 cupit
1291 4893 1370 4943 etiam
1385 4892 1472 4946 studia
1485 4895 1641 4959 sustulere,
1658 4903 1685 4946 et
1696 4893 1803 4964 lingone
1816 4915 1908 4952 sacrae
1921 4917 2033 4970 operam
2048 4903 2120 4965 dae,

1188 4977 1287 5030 ¹neque
1301 4959 1391 5016 locruo
1407 4962 1463 5028 cuis
1474 4963 1554 5015 rebus
1567 4965 1698 5032 aptiqreur
1713 4962 1875 5020 invenirent
1888 4987 1967 5036 posse
1985 4968 2120 5024 eristimat

1137 5091 1144 5100 ⁸
1199 5039 1288 5082 vestra
1302 5027 1418 5098 Lipsial’
1435 5064 1470 5074 -
1490 5029 1593 5082 'Pacate
1613 5029 1696 5101 igitur
1716 5031 1782 5088 baec
1794 5033 1906 5106 epistola
1917 5037 2016 5106 scripta
2032 5039 2119 5093 uideri

1198 5115 1273 5152 nono
1290 5099 1363 5152 1518.
1385 5127 1415 5140 -
1451 5099 1504 5152 sed
1522 5097 1555 5152 de
1571 5097 1678 5153 Petreio
1698 5101 1931 5158 incommodiore
1950 5106 2011 5158 loco
2023 5105 2117 5162 ‘cotio-

1139 5157 1148 5166 ‘
1198 5167 1286 5220 cando
1300 5163 1460 5220 ttetanrhon
1474 5185 1583 5236 qnoque
1602 5168 1723 5240 loquitur
1744 5173 1772 5224 io
1793 5193 1836 5243 ep.
1857 5173 1888 5228 ad
1904 5169 2069 5230 Graecarum
2089 5177 2118 5234 5.

1196 5231 1329 5292 88.,Νοι.
1345 5232 1437 5304 1558,
1455 5253 1537 5306 quare
1550 5236 1641 5292 malim
1655 5255 1714 5296 eam
1728 5241 1831 5296 referre
1841 5241 1875 5296 ad
1888 5259 1953 5296 aue.
1969 5243 2048 5303 1558.

1159 5336 1187 5405 ⁴)
1208 5334 1269 5393 Vid.
1281 5335 1358 5408 epist.
1371 5337 1397 5391 d.
1413 5338 1456 5391 17.
1469 5335 1574 5392 Deobr.
1587 5339 1665 5394 1⁵52.
