4714 5832
69 247 114 326 n
314 171 321 214 ⁷
637 231 1084 322 sessronanou
1133 229 1240 312 sus.
1266 227 1356 316 xrs.
1409 231 1540 314 sess.
2054 245 2107 325 ω

70 409 333 514 prophesiritet
347 409 550 506 apostolicis
563 409 666 490 libris
680 409 808 503 scripta
829 421 880 484 est
896 431 1059 482 sermone
1114 403 1346 494 imperiorum
1377 403 1639 497 extinguantur.
1698 409 1835 490 Habuit
1859 427 2011 509 verunas
2034 417 2102 490 da.
2184 472 2188 480 ,

69 519 212 603 usitato,
236 539 369 588 sonans
389 528 482 585 recte
505 504 735 610 loquentibus
757 513 796 582 in
822 511 953 604 linquis
975 533 1060 604 pru-
1113 505 1264 580 ctriuam
1279 508 1326 576 de
1341 506 1499 580 motibus
1520 510 1721 600 stellarum,
1746 512 1841 588 hand
1856 520 1967 592 dubie
1980 519 2102 592 erudi·

68 617 256 714 phetarurn
273 629 306 688 et
322 615 581 713 apostolorum,
606 615 669 712 qui
687 629 780 686 recte
797 613 988 684 voluerunt
1002 612 1061 682 in·
1112 607 1248 678 tissime
1270 619 1462 680 extructam
1493 635 1534 684 ex
1556 615 1813 710 antiquissimis
1843 621 2103 694 observationi-

70 719 191 812 telligi.
231 715 433 791 Retinenda
450 732 502 788 est
516 717 625 806 igitur
641 717 760 788 nativa
784 717 873 786 ratio
889 713 1061 784 sermonis
1112 710 1191 793 bus,
1218 704 1343 780 habuit
1357 725 1517 784 accurate
1532 715 1742 808 descriptam
1759 719 1884 792 seriem
1899 735 2100 814 sempomrn

71 823 163 894 iuxta
197 815 343 914 phrasin
373 819 516 890 illarum
543 819 765 910 linguarum,
799 841 862 888 nec
889 817 1061 886 transtor—
1113 823 1147 880 et
1163 823 1322 879 veterum
1338 811 1580 904 imperiorum.
1631 815 1723 890 Cum
1742 837 1858 892 autern
1884 824 1922 892 in
1939 823 2100 918 Aegypto

70 925 221 994 mandus
242 936 294 992 est
321 923 360 992 in
386 919 571 1011 allegorias
593 943 709 990 sermo
739 917 825 1008 legis
853 915 998 988 moralis
1027 929 1060 986 et
1111 909 1318 982 Saracenica
1340 913 1519 986 harbaries
1535 929 1569 987 et
1591 921 1805 991 academiam
1820 921 2099 996 Alexandrinam

68 1023 345 1120 promissionum
367 1023 498 1114 gratiae
518 1035 553 1092 et
575 1021 805 1092 articulorum
822 1018 902 1088 iidei
919 1018 955 1088 in
973 1017 1061 1088 scri.
1112 1027 1146 1084 et
1179 1013 1294 1083 studia
1318 1013 1466 1100 delevit,
1499 1031 1615 1089 vetera
1649 1039 1878 1096 monumenta
1907 1026 2098 1116 perierunt.

67 1127 137 1220 ptis
158 1119 374 1218 propheticis
395 1137 428 1194 et
458 1121 660 1214 apostolicis
685 1148 725 1192 ac
748 1119 928 1218 symbolis.
986 1115 1061 1190 Cur
1111 1109 1158 1184 Et
1176 1125 1249 1184 tota
1266 1115 1427 1186 doctrina
1449 1117 1493 1186 de
1511 1119 1666 1191 motibus
1687 1123 1872 1196 interitura
1893 1141 1983 1214 crat,
2008 1149 2101 1222 qnae

68 1241 185 1298 antem
203 1227 288 1296 dicit
304 1220 546 1320 Epiphanius,
574 1245 663 1318 opus
681 1247 754 1294 esse
770 1220 1009 1314 speculatione
1026 1233 1060 1290 ct
1112 1228 1196 1284 tunc
1218 1215 1373 1309 dispersa
1388 1217 1456 1288 luit
1476 1217 1514 1288 in
1535 1223 1668 1293 multus
1693 1239 1728 1297 et
1742 1227 1857 1297 varios
1873 1227 2002 1316 libros,
2027 1227 2099 1298 nisi

68 1327 197 1400 sensu?
253 1323 366 1398 Plana
400 1323 584 1418 responsio
619 1339 681 1400 cst.
740 1323 873 1396 Sensus
907 1323 1061 1394 declarat
1111 1315 1217 1409 paulo
1244 1331 1326 1388 ante
1348 1317 1573 1392 saracenicos
1598 1337 1714 1397 motus
1736 1325 1957 1400 Ptolemaeus
1986 1343 2097 1402 totam

67 1429 209 1520 singula
238 1427 430 1513 vocahula,
463 1441 499 1498 et
522 1425 737 1519 experientia
767 1425 940 1510 ostendit,
973 1423 1060 1518 qnid
1111 1431 1220 1487 artem
1237 1417 1275 1488 in
1290 1443 1401 1490 unum
1421 1421 1588 1493 volumen
1604 1430 1842 1505 contraxisset.
1890 1427 2099 1502 Huncarti-

68 1531 243 1622 significat
262 1530 353 1614 vita,
377 1551 491 1615 murs,
523 1529 649 1616 timor,
675 1530 779 1614 tides,
804 1525 926 1611 dolor,
959 1523 1060 1618 lacti·
1111 1519 1209 1588 ficem
1232 1521 1319 1589 dem
1335 1520 1562 1612 excitaverat,
1587 1539 1626 1598 ut
1651 1543 1759 1599 artem
1778 1533 1969 1624 dispersam
1994 1531 2097 1604 colli·

69 1633 127 1704 tia.
179 1629 411 1702 Manifestum
436 1641 488 1700 est
508 1629 634 1719 igitur,
659 1653 765 1700 sensu
789 1639 823 1698 et
844 1627 1060 1720 experientia
1110 1633 1216 1710 geret.
1266 1619 1355 1692 Nam
1377 1647 1490 1693 unum
1507 1626 1675 1698 volumen
1695 1643 1729 1702 et
1752 1633 1840 1724 eripi
1864 1627 2098 1705 bibliotheca-

68 1755 157 1828 opus
174 1753 249 1804 esse
263 1735 306 1802 ad
330 1730 559 1822 intelligenda
576 1731 761 1805 vocabula.
810 1727 883 1800 Nec
902 1729 1060 1820 gignitur
1110 1746 1189 1792 rum
1208 1721 1383 1794 incendiis
1399 1737 1434 1796 et
1455 1726 1674 1818 privatorum
1699 1733 1827 1804 studiis
1846 1747 1880 1805 et
1897 1735 2099 1828 sumptibus

68 1857 173 1906 sensu
195 1833 381 1924 peregrina
401 1834 592 1918 sententia,
625 1835 686 1904 sed
704 1831 906 1923 agnoscitur
926 1829 1059 1904 nativa.
1110 1823 1262 1892 describi
1285 1825 1400 1916 potuit
1423 1839 1459 1897 et
1481 1830 1673 1902 transmitti
1695 1835 1741 1904 ad
1763 1849 1930 1926 posteros.
1981 1833 2097 1906 Totae

67 1931 361 2036 Speculationsm
372 1935 763 2006 numinatdialecticum
773 1933 934 2004 ordinem
947 1955 1060 2001 mem-
1110 1949 1193 1993 vero
1210 1921 1586 1999 hibliothecaeservari
1602 1925 1669 2001 hoc
1681 1937 1787 2005 modo
1801 1961 1875 2006 non
1893 1947 2095 2026 potnerunt.

67 2041 237 2120 hrorum,
272 2037 517 2116 definitiones,
551 2037 763 2118 divisiones,
803 2033 1059 2117 distinctiones,
1110 2021 1353 2116 Agnoscamus
1369 2027 1478 2118 igitur
1494 2029 1551 2100 dci
1567 2033 1797 2120 beneficium,
1816 2051 1850 2108 et
1866 2039 2096 2120 celebremus»

68 2139 241 2212 iudicium
265 2139 310 2208 de
333 2139 603 2231 consequentiis.
662 2135 759 2208 llaec
781 2139 886 2206 etiarn
904 2159 985 2212 ,non
1005 2133 1059 2224 gi·
1110 2129 1205 2222 quod
1221 2141 1256 2198 et
1277 2131 1487 2200 monstravit
1502 2133 1699 2204 doctrinam
1714 2149 1748 2206 et
1770 2153 1965 2214 conservat.
2014 2137 2096 2209 Me·

68 2253 184 2334 gaunt
199 2239 403 2333 peregrinas
417 2240 626 2324 sententias,
650 2241 710 2310 sed
729 2241 864 2312 nativas
885 2250 977 2306 recte
999 2261 1059 2304 or.
1110 2229 1223 2298 moria
1239 2229 1343 2298 etiam
1361 2228 1554 2302 Ptolemaei
1574 2235 1808 2324 delectemur,
1828 2241 1927 2310 cuius
1940 2251 2096 2310 mentem

68 2345 208 2416 (num,
259 2337 337 2410 Hae
359 2341 437 2412 via,
460 2365 535 2410 „012
557 2353 696 2412 mutans
715 2341 864 2434 wippa,
889 2339 949 2408 rad
974 2337 1059 2406 ittu-
1110 2331 1196 2400 dens
1218 2331 1261 2398 ad
1285 2325 1382 2400 hunc
1405 2333 1633 2404 utilissimum
1656 2335 1811 2408 laborem
1832 2341 2095 2433 suscipiendum

69 2459 183 2517 ruant
199 2467 323 2516 eorum
336 2443 535 2514 lectionem,
1111 2430 1327 2505 exttscllttvll.
1378 2429 1609 2506 Manifestum
1626 2449 1677 2508 est
1693 2437 1806 2524 enlm,
1835 2465 1956 2510 veram
1973 2455 2006 2511 el
2022 2441 2095 2511 uti·

798 2533 865 2616 Ph,
891 2537 945 2612 M,
1110 2533 1178 2600 lem
1195 2553 1269 2601 esse
1283 2531 1481 2604 doctrinam
1497 2535 1541 2604 de
1554 2537 1728 2624 motibus,
1755 2555 1788 2611 et
1804 2565 1969 2631 magnum
1987 2545 2095 2613 decus

1110 2657 1183 2702 esse
1201 2627 1405 2720 hominum,
1430 2649 1464 2706 et
1485 2649 1593 2707 totam
1618 2632 1710 2708 hanc
1728 2642 1935 2734 sapientiam
1956 2643 2095 2716 illustre

1110 2737 1154 2804 de
1178 2735 1244 2804 deu
1270 2733 1511 2807 testimonium
1538 2759 1622 2815 esse.
1647 2809 1650 2816 ,
1682 2739 1778 2811 lolem
1802 2757 1906 2816 antor
1927 2743 2097 2840 reliquias

1017 2913 1025 2934 .
1109 2835 1237 2905 veteris
1260 2836 1441 2906 doctrinae
1463 2838 1702 2928 divinatricis,
1734 2867 1824 2936 quae
1854 2869 1895 2914 er
1919 2859 2094 2918 astrorum

79 2909 147 2984 No.
161 2905 278 2986 6862.
875 2935 917 2974 aa.
936 2907 1059 2974 ttooo.
1111 2937 1227 3029 positu
1243 2950 1516 3028 temperamenta
1534 2953 1568 3011 et
1589 2955 1706 3014 motus
1720 2943 1858 3038 aliquos
1878 2947 2029 3034 iudicat,
2055 2947 2094 3018 in

73 3005 288 3046 Μ
420 3088 478 3176 Ε.
506 3088 704 3177 Ebstero.
879 2997 1052 3032 Μ
1110 3061 1219 3130 Pam
1235 3037 1417 3110 V⁰¹¹¹¹¹¹i¹¹²
1431 3041 1580 3131 ⁰⁰lleflll2
1605 3047 1698 3138 quod
1718 3041 1808 3116 hauc
1822 3047 1933 3139 ipsam
1949 3049 1997 3118 ob
2011 3074 2096 3119 cau-

1110 3163 1184 3208 sam
1201 3151 1317 3209 ertare
1331 3151 1366 3212 et
1378 3165 1584 3213 conservare
1600 3145 1689 3215 utile
1706 3160 1775 3232 est,
1801 3159 1858 3233 nt,
1884 3173 1973 3242 quae
1987 3149 2094 3222 inerit

136 3267 262 3342 aptast·
278 3267 423 3340 ,mons
442 3266 531 3322 traso:
551 3265 658 3322 esaan
672 3263 824 3320 eserenon
840 3265 873 3320 ss
892 3263 1055 3336 pseusenn-
1111 3253 1210 3310 vetus
1233 3241 1393 3311 doctrina
1420 3241 1459 3312 in
1487 3237 1554 3313 hoe
1577 3267 1720 3336 genere,
1750 3249 1907 3342 conspici
1928 3251 2038 3342 possit
2060 3267 2096 3325 er

170 3339 253 3393 nibus
267 3333 536 3420 mtroapmicis‚·cui
552 3335 662 3416 titulum
675 3335 798 3390 lecerunt
811 3335 1060 3418 Quadripertitum,
1110 3365 1216 3434 quam
1232 3345 1479 3414 verecundeex
1494 3346 1606 3416 causis
1623 3337 1774 3442 phyglcis
1788 3351 1971 3444 plerasque
1984 3352 2096 3441 signi·

169 3423 268 3528 ffim
280 3414 308 3458 et
321 3406 411 3471 lstsne,
428 3404 490 3458 labri
507 3401 550 3456 lV.
565 3403 694 3477 Philippo
710 3403 887 3458 Melanthons
900 3415 1060 3474 snteqsrete·

224 3474 280 3528 tt·
302 3471 614 3544 reeompensatus.
632 3478 713 3544 (μ.)
740 3469 943 3544 taginone...
956 3471 1057 3528 nar..
1109 3443 1290 3512 ficationes
1314 3443 1555 3519 ratiocinetur.
1612 3445 1691 3518 Etsi
1713 3449 1808 3519 enim
1832 3445 1900 3521 hoc
1918 3451 1997 3522 loco
2019 3477 2095 3523 non

170 3541 272 3602 wll-¹
302 3540 428 3616 ·t³·⁸⁷⁶·
1110 3544 1294 3614 instituam
1331 3545 1606 3636 disputationem
1645 3551 1690 3620 de
1731 3551 1868 3621 viribus
1906 3565 2097 3640 astrorum,

62 3693 296 3772 Clarissimo
313 3695 419 3784 Viro,
443 3695 630 3794 sapientia
647 3705 680 3784 et
696 3697 825 3768 virtuts
838 3694 1058 3794 praestanti,
1110 3645 1315 3737 p‘m‘fflm
1330 3669 1409 3715 “⁰¹¹¹
1424 3643 1644 3718 Pl⁰¹⁸m³²¹¹⁸
1659 3651 1733 3741 lP⁵⁰
1748 3652 1786 3720 5¹¹
1802 3648 1910 3724 huius
1925 3653 2009 3724 libri
2023 3655 2094 3725 lni-

60 3799 273 3874 Emmo
303 3798 512 3885 Equam,
552 3797 729 3870 Senam·
761 3798 921 3896 inclytae
954 3797 1059 3870 urbis
1109 3747 1738 3870 tiorefutetcyclopicosscrorones,
1764 3749 2093 3846 quihushaectote

389 3895 623 3996 Non-betgue
637 3901 674 3976 S·
689 3899 735 3977 D·
1110 3850 1271 3917 doctrina
1300 3847 1459 3918 lurcnter
1490 3850 1689 3922 derideturs
1727 3867 1846 3924 tamen
1880 3857 2094 3946 experientia

1110 3949 1294 4018 manifesto
1319 3949 1491 4030 ostendit,
1518 3950 1673 4046 aliquam
1694 3975 1768 4023 esse
1789 3956 1860 4024 vim
1884 3956 2031 4027 luminis
2056 3959 2094 4028 in
2124 3981 2134 3998 “

58 4037 320 4128 (lenissimum
342 4063 411 4130 est,
434 4049 661 4141 sapientiam,
685 4047 904 4120 intellectum
929 4073 1057 4120 nume-
1110 4049 1413 4120 mutationeadris
1429 4063 1463 4120 et
1478 4050 1517 4120 in
1533 4075 1722 4145 corporum
1738 4069 1938 4126 nostrornm
1960 4073 2096 4149 tempa-

59 4177 212 4235 rurum,
250 4151 408 4232 ordinis,
440 4151 631 4220 discrimen
656 4145 887 4220 honestorum
915 4165 949 4222 et
981 4165 1058 4222 tur·
1110 4151 1289 4224 ramentis.
1338 4145 1487 4223 Ethaec
1507 4153 1639 4224 multae
1657 4157 1906 4226 inclinationes
1927 4158 1964 4226 iu
1983 4159 2093 4229 soori-

57 4256 187 4346 pium,
211 4277 333 4324 rerum
350 4249 546 4322 salubrium
570 4266 604 4322 es
625 4251 881 4338 insalubrium,
906 4253 1057 4324 illustria
1110 4254 1177 4322 bus
1209 4265 1418 4345 sequuntur.
1477 4250 1700 4347 Quamquam
1735 4257 1845 4345 igitur
1874 4281 1938 4328 nec
1969 4285 2095 4332 omnes

58 4354 271 4428 testimonia
291 4375 365 4423 esse
386 4355 431 4422 de
452 4354 519 4422 deo
535 4354 630 4424 etde
650 4352 886 4444 providentia.
937 4351 1058 4442 Quare
1109 4365 1254 4424 eventus
1277 4363 1489 4443 regnatura
1511 4359 1814 4446 temperamentis,
1833 4381 1898 4428 nec
1918 4361 2096 4450 signitica-

58 4457 241 4526 amandae
266 4465 348 4526 sunt
373 4467 465 4523 artes
487 4477 562 4522 nun
583 4455 698 4522 solum
719 4469 864 4546 propter
879 4455 1058 4540 utilitates,
1108 4455 1223 4525 tiones
1243 4477 1366 4524 ornnes
1389 4467 1614 4542 natussum,
1641 4469 1758 4527 umen
1781 4461 2096 4558 quantulacunque

57 4581 148 4651 quas
177 4551 488 4652 vitsefhomiunm
518 4555 703 4638 adierunt,
746 4555 938 4636 ueletiam
966 4543 1057 4625 hanc
1109 4551 1193 4623 haec
1207 4565 1374 4644 pareest,
1400 4553 1828 4648 quaesignilicationesex
1842 4556 1995 4654 physicis
2010 4589 2095 4634 cau·

57 4658 175 4750 ipsam
204 4677 363 4741 canmm,
398 4655 481 4749 quia
504 4669 538 4728 et
568 4673 642 4726 esse
665 4657 771 4726 deusn
797 4669 988 4735 testantur,
1021 4669 1057 4726 et
1107 4655 1156 4723 sis
1177 4653 1425 4739 ratiocinatur,
1456 4655 1551 4726 vitae
1576 4659 1675 4728 utilis
1698 4661 1811 4732 estin
1831 4663 1953 4734 multis
1975 4667 2094 4742 nehus

58 4759 282 4840 ostendunt,
313 4757 429 4852 qualis
456 4755 520 4841 sit,
557 4756 722 4828 videlicet
748 4757 908 4856 sapiens,
941 4780 1056 4842 verax,
1108 4753 1217 4826 Multi
1239 4755 1357 4826 morbi
1377 4753 1561 4848 diligentia
1583 4759 1689 4830 vitari
1709 4773 1772 4832 ant
1798 4761 1903 4832 leniri
1928 4777 2095 4856 posssmt,

58 4859 266 4942 henefi'cus,
292 4873 425 4942 castus,
450 4857 580 4927 vindex
598 4857 789 4952 scelerum,
814 4871 971 4940 sereretur
986 4853 1055 4955 hu·
1105 4856 1136 4926 si
1150 4857 1230 4951 quis
1243 4856 1401 4948 corporis
1416 4869 1730 4950 temperamentum
1743 4877 1834 4933 recte
1844 4865 1980 4956 aspicit.
2004 4863 2094 4938 Pos-

60 4985 191 5031 manae
236 4973 381 5032 naturae
420 4971 454 5028 et
494 4975 610 5028 custos
643 4957 830 5046 ¹legitimae
867 4959 1054 5051 societatis.
1105 4971 1187 5028 saint
1212 4969 1247 5026 et
1268 4971 1414 5028 eventus
1435 4960 1547 5050 magis
1569 4961 1698 5052 placidi
1719 4964 1841 5057 sequi,
1864 4965 1987 5060 siquis
2009 4990 2093 5054 pro·

55 5061 186 5154 Quare
216 5077 251 5131 et
274 5057 375 5129 Plato
399 5051 599 5130 dulcissime
623 5058 735 5148 elisit,
764 5075 896 5150 gratam
919 5063 963 5133 de
987 5061 1053 5134 deo
1104 5059 1255 5150 spiciens
1274 5059 1428 5150 pericula
1446 5061 1739 5155 coecosimpetus
1755 5067 1935 5156 reprimat.
1984 5063 2094 5142 Nulla

56 5167 193 5236 iamam
221 5163 261 5232 in
277 5161 414 5232 artibus
429 5181 585 5252 sparsam
611 5185 696 5234 esse.
747 5157 798 5234 Ut
822 5177 940 5232 autem
962 5148 1053 5232 acles
1103 5161 1274 5252 plantula,
1296 5183 1498 5259 quanquam
1513 5176 1640 5252 spresa,
1660 5177 1790 5235 temere
1803 5168 1971 5254 nascitur,
1992 5170 2093 5242 nulla

59 5263 281 5338 monstrarit
301 5264 389 5334 dens
413 5256 569 5332 humanu
589 5263 728 5350 generi,
752 5263 801 5334 ita
823 5283 885 5333 sua
902 5265 1054 5354 operui
1103 5285 1176 5331 non
1192 5263 1236 5330 ad
1253 5274 1366 5331 certos
1380 5273 1414 5331 et
1428 5283 1574 5351 magnos
1587 5287 1673 5335 usus
1688 5267 1811 5337 divino
1826 5269 1977 5338 consilio
1994 5271 2094 5340 ordi-

61 5369 231 5440 nabiliter
244 5387 303 5438 aas
318 5376 520 5445 conservet,
544 5385 591 5434 ne
606 5362 767 5440 intentis
782 5365 1052 5436 mninsionihns
1100 5376 1183 5434 nata
1205 5374 1277 5448 cst,
1300 5385 1342 5434 ac
1360 5362 1557 5438 saeviaini
1579 5367 1697 5440 morhi
1718 5391 1786 5460 ope
1809 5367 2012 5457 vulgarium
2035 5393 2094 5441 re-
