4682 5822
70 259 135 337 181

66 447 152 521 sunt,
176 445 210 506 et
223 429 432 505 ferocissimi
448 454 570 518 eanes,
595 443 636 504 ut
653 441 774 502 tauros
796 429 992 500 lacerarent
1006 437 1041 499 et

67 537 241 610 irritarent.
292 533 418 615 Postea
434 534 528 604 tauri
544 533 636 603 inter
652 556 726 604 sese
740 545 932 604 certarunt.
972 527 1040 599 llis

614 231 1055 335 sersaonsnuu
1105 217 1325 334 'cinna
1379 251 1511 334 ress.

2002 257 2078 336 482

1088 421 1299 530 Reverendo
1319 425 1414 510 viro,
1441 423 1643 503 eruditione
1664 439 1696 502 et
1720 433 1848 504 virtuts
1867 421 2095 531 praestanti

1089 525 1171 608 Dn.
1205 531 1485 627 Hieronymo
1519 527 1741 621 Beseldo,
1778 531 1919 608 docenti
1943 533 2075 607 Evan-

67 639 149 710 ludis
174 639 355 708 deridetur
372 632 541 730 Europae
562 635 750 710 discordia.
808 627 1040 704 OremusFi-
1087 629 1226 728 galium
1241 633 1281 706 in
1298 631 1440 706 incluta
1456 628 1688 730 Noribergu,
1705 637 1832 736 sratri
1850 663 1917 708 seso
1933 633 2076 710 risoris-

65 739 145 812 lium
168 737 254 825 Dei,
285 753 324 809 ut
346 757 477 829 poenas
500 737 604 827 nobis
624 735 772 826 mitiget.
821 735 977 806 Domino
995 725 1041 802 N.

64 867 121 935 pro
141 841 250 912 xeniis
266 840 381 910 missis
406 829 539 930 gratias
556 862 631 930 ago.
676 836 793 908 'Plura
809 837 960 907 scribam
977 857 1041 926 per

64 945 153 1020 elios.
215 941 304 1012 Nam
338 936 396 1010 hic
430 941 627 1032 bibliopola
662 939 885 1032 properabat.
943 935 1040 1006 Bene

24 1059 26 1062 ’
64 1045 142 1117 vale.
191 1041 326 1118 lltusui
349 1039 482 1114 Comiti
505 1044 655 1115 salutern
679 1056 773 1133 opto.
826 1035 918 1113 (1.4.
937 1037 1041 1119 Maii,

65 1141 165 1220 1655.
610 1138 721 1236 (Phil.
747 1135 991 1236 Melanthon).

64 1515 250 1644 Q.
671 1527 728 1590 so.
748 1517 823 1582 οοο
850 1515 1018 1599 (Lapsae.)

641 1607 1037 1651 w

274 1705 402 1794 Hier.
430 1703 819 1816 Bonmgortnero.

122 1869 205 1946 Epist.
223 1873 270 1927 lib.
284 1872 332 1928 Vl.
349 1891 376 1944 p.
387 1870 448 1928 215.
482 1871 533 1927 llic
547 1891 577 1927 es
591 1875 758 1946 sutogrsplso
778 1875 807 1930 in
823 1873 1044 1936 coartabant.

152 1943 268 2067 ijm'
294 1941 372 1995 cuius
393 1939 479 2024 lronti
498 1943 728 2040 Rsumgsrtnfrus
749 1945 908 2020 adscripsit:
932 1946 1043 2016 „Ml-

187 2011 315 2067 1111555.
333 2029 383 2086 per
403 2010 500 2064 lostam
516 2010 651 2069 Mensura.

66 2167 337 2265 Hieronymo
362 2161 724 2260 Bomgurtnero‚
760 2167 936 2244 Senaturi
956 2170 1042 2248 incl.

329 2305 331 2310 v
426 2269 527 2348 urbis
547 2266 699 2347 Norib.
826 2311 831 2320 ·

67 2383 106 2468 S.
129 2399 175 2472 D.
219 2400 292 2472 Sua
308 2399 435 2494 cuique
451 2402 563 2474 virtus
581 2405 766 2496 praecipua
781 2406 1041 2477 commendatio

66 2517 117 2576 est.
164 2503 235 2576 Sed
259 2517 376 2574 tamen
407 2505 644 2574 adolescentes
672 2531 811 2576 necesse
833 2521 884 2580 est
904 2501 1041 2578 adferre

68 2605 255 2674 testimonia
279 2607 322 2673 ad
346 2628 406 2674 eos
427 2607 556 2699 quibus
572 2631 643 2676 non
663 2621 745 2677 sunt
764 2611 858 2695 noti,
884 2634 1043 2704 praeser-

66 2703 120 2774 tim
143 2732 222 2776 cum
252 2721 378 2796 petunt
400 2707 470 2776 sibi
492 2723 602 2778 certas
622 2733 746 2800 operas
772 2712 875 2786 tradi.
936 2711 1043 2784 Hunc

67 2799 196 2878 lorium
213 2803 383 2879 Meuium
399 2823 521 2878 natum
539 2811 576 2880 in
593 2813 682 2880 urbe
699 2811 914 2900 Gedanensi,
936 2839 1042 2909 quarn

67 2909 188 2982 aiunta
205 2908 308 2980 Getis
323 2923 357 2980 et
373 2909 484 2979 Danis
506 2935 637 2980 nornen
656 2908 804 2999 habere,
829 2911 1042 3008 orphanum,

65 3009 175 3082 natum
191 3037 233 3080 ex
248 3027 347 3104 putre
361 3011 511 3085 Rectore
528 3009 680 3085 Scholae
697 3012 929 3104 Gedanensis,
955 3019 1041 3088 novi

66 3111 125 3182 iam
142 3137 255 3184 annos
271 3117 442 3210 quinque.
494 3114 615 3185 Mores
637 3117 712 3186 eius
736 3131 818 3188 ssent
843 3115 981 3190 honesti
1008 3133 1044 3190 et

65 3213 199 3304 placidi,
233 3230 269 3286 et
299 3241 439 3285 carmen
471 3235 563 3287 recte
595 3220 738 3306 scribit,
768 3223 865 3292 unde
891 3223 1041 3312 intelligi

65 3332 166 3403 potest
184 3343 266 3387 eum
284 3320 326 3387 ad
345 3320 522 3388 docendos
538 3320 626 3388 alios
642 3321 809 3392 idoneum
826 3347 909 3397 esse.
953 3323 1043 3394 Mit-

65 3431 161 3488 terem
183 3443 349 3490 versuum
374 3421 449 3490 eius
471 3423 628 3512 exempla
648 3423 678 3490 si
704 3424 802 3493 domi
824 3447 945 3499 essem.
996 3423 1044 3496 Et

65 3520 262 3612 aliquandiu
279 3525 366 3591 alios
379 3522 550 3592 foeliciter
566 3525 698 3598 docuit.
750 3523 870 3614 Quare
890 3552 969 3598 cum
986 3527 1044 3595 iu-

64 3621 208 3712 telligarn
243 3625 366 3718 quaeri
404 3626 675 3714 gubernatorem
714 3629 914 3697 studiorum
956 3631 1044 3700 ado-

65 3723 267 3796 lescentibus
300 3727 338 3794 in
371 3721 620 3821 νοσοκομείῳ,
669 3723 765 3799 hunc
800 3726 945 3803 [osiam
976 3733 1042 3802 tabi

65 3829 276 3898 commendo.
326 3826 381 3898 Εο
398 3828 503 3896 etiarn
520 3829 690 3899 libentius
706 3831 862 3916 iuvabis,
888 3833 970 3926 quia
993 3849 1044 3904 est

66 3923 248 4017 orphanus.
307 3928 384 4000 Scis
411 3929 507 3996 enirn
530 3931 699 4020 scriptutn
727 3957 814 4004 esse:
849 3931 945 4004 Esto
967 3928 1043 4005 Or-

63 4021 179 4120 piono
193 4024 325 4116 Pater,
350 4039 426 4100 tum
440 4026 547 4100 Deos
564 4031 688 4125 magis
707 4041 739 4102 le
753 4030 883 4128 diliget
893 4087 903 4118 ,
929 4059 1042 4133 quom

65 4123 186 4201 Mater
211 4141 290 4206 luo.
342 4131 453 4226 Spero
472 4157 534 4201 vos
557 4135 782 4220 modestiam,
806 4139 1042 4209 eruditionem

66 4247 94 4302 et
123 4235 361 4306 assiduitatem
400 4231 506 4304 huius
542 4231 667 4304 Iusioe
707 4241 919 4328 probaturos
960 4265 1044 4311 esse.

66 4327 160 4406 Plura
178 4338 329 4408 scribam
346 4361 426 4408 cum
442 4339 581 4424 rediero
597 4343 755 4414 domum.
805 4339 905 4411 Bene
919 4357 954 4412 et
968 4345 1043 4415 soe-

65 4433 168 4509 liciter
183 4441 271 4508 vale.
323 4433 520 4536 [Lipsiae]
539 4433 576 4535 ⁴)
633 4437 700 4510 Die
714 4443 851 4513 decimo
869 4444 969 4520 Maii.

67 4654 401 4674 Ἢ

65 4793 123 4872 No.
138 4783 251 4874 5782.

70 4878 233 4925 ..a
884 4807 1044 4928 aa„

403 4992 460 5079 11.
481 4991 695 5084 Besoldo.

159 5169 243 5244 Epist.
264 5167 312 5223 lib.
322 5165 355 5222 V.
373 5187 399 5239 p.
412 5165 511 5240 etseq.

67 5315 253 5336 unq-...aa-

95 5417 122 5487 *)
142 5417 201 5472 lloc
212 5417 260 5472 alia
274 5431 371 5470 rnsnus
384 5411 542 5484 adscripsit,
566 5424 595 5468 ut
609 5423 633 5470 et
646 5435 749 5473 sunum
765 5419 842 5477 15⁵5.

65 5513 234 5582 Messena.
261 5513 365 5578 Oeen.
392 5510 474 5573 Vos..
501 5507 594 5581 Vlll.

1533 735 1637 808 simo.

1089 863 1138 956 S·
1164 879 1210 959 D.
1260 881 1474 955 Veneranda
1489 885 1557 969 vir,
1583 897 1617 955 et
1630 880 1833 958 charissime
1846 889 1964 961 irater.
1999 885 2076 960 Etsi

1089 985 1221 1056 nuncio
1237 987 1385 1056 daturus
1399 1009 1477 1056 sum
1493 986 1631 1073 literas,
1657 1001 1777 1060 tamen
1792 1003 1826 1060 et
1839 985 1931 1060 hanc
1945 991 2076 1082 episto-

1089 1085 1160 1155 larn
1186 1089 1269 1158 dedi
1295 1085 1379 1158 huic
1403 1086 1522 1159 Iosiue
1545 1082 1681 1160 Menio
1706 1087 1938 1178 Dentiscano,
1969 1117 2076 1186 quem

1090 1189 1199 1260 mittit
1216 1181 1473 1276 Camerarius,
1499 1204 1538 1260 ut
1554 1193 1726 1280 gubernet
1741 1193 1856 1262 studia
1872 1195 2077 1266 adolescen-

1090 1291 1179 1361 tium
1202 1291 1319 1388 ἐντῷ
1342 1288 1571 1389 νοσοκομείῳ
1587 1291 1633 1384 *).
1691 1291 1784 1364 Novi
1813 1319 1893 1366 eum
1924 1296 2076 1386 amplius

1091 1393 1357 1487 quinquennio,
1382 1396 1521 1486 etacio,
1546 1399 1745 1466 modestum
1768 1409 1801 1466 et
1824 1411 2077 1491 temperantem

1091 1517 1174 1566 esse.
1226 1493 1378 1566 Carmen
1399 1511 1491 1566 recte
1512 1497 1650 1568 scribit:
1685 1499 1779 1568 unde
1798 1498 1955 1570 iudicare
1977 1513 2078 1592 pote-

1091 1597 1187 1680 ritis,
1213 1601 1350 1669 eumad
1370 1597 1548 1668 docendos
1559 1599 1794 1672 adolescentes
1809 1600 1977 1673 idoneum
1995 1620 2078 1672 esse.

1091 1697 1196 1769 Pater
1225 1700 1296 1772 luit
1321 1697 1454 1772 Rector
1483 1697 1719 1772 Dentiscanae
1751 1697 1911 1774 Scholae.
1974 1702 2079 1776 Nunc

1091 1795 1273 1892 orphanus
1289 1801 1442 1871 docendi
1456 1803 1577 1872 labore
1595 1803 1804 1898 aliquandiu
1820 1804 1951 1878 victum
1971 1829 2080 1899 quae-

1091 1903 1193 1986 sivit,
1236 1916 1271 1973 et
1288 1901 1439 1974 Senatus
1460 1903 1702 1986 Dantiscanus-
1720 1929 1802 1976 eum
1829 1908 1875 1976 ad
1901 1907 2079 1998 guberna-

1092 2007 1224 2076 tionem
1246 1999 1396 2076 Scholae
1418 2006 1456 2076 in
1476 2005 1537 2078 scia
1565 2009 1655 2078 urbe
1675 2007 1877 2094 accersivit,
1910 2009 1971 2078 sed
1994 2033 2079 2101 pro·

1091 2121 1170 2200 pter
1201 2107 1345 2178 vitiosas
1383 2109 1600 2178 ceremonias
1635 2133 1676 2178 eo
1709 2133 1783 2180 non
1814 2111 1967 2184 accessit.
2026 2109 2080 2182 Te

1091 2235 1173 2294 oro,
1214 2223 1254 2280 ut
1280 2223 1314 2280 et
1338 2209 1407 2282 Du.
1433 2205 1705 2303 Bomgnrlnero
1733 2236 1814 2281 eum
1840 2213 2082 2298 commendes,

1091 2326 1126 2382 et
1151 2324 1190 2382 tu
1219 2335 1302 2380 eum
1327 2313 1577 2402 complectaris.
1629 2310 1727 2382 Bene
1754 2325 1789 2383 et
1816 2313 1965 2386 feliciter
1991 2315 2079 2386 vale.

1094 2413 1153 2490 10.
1172 2411 1272 2485 Maii.

1722 2526 1910 2626 Philippus
1926 2533 1979 2607 Μ.

1924 2928 1979 2992 12.
1995 2918 2081 2986 Mau.

1913 3009 2085 3040 Μ

1436 3097 1505 3184 lo.
1537 3095 1736 3188 Calvino.

1162 3275 1201 3329 Es
1214 3275 1380 3348 autographo
1395 3273 1512 3348 Philippi
1533 3276 1561 3330 in
1575 3275 1638 3330 eod.
1650 3273 1736 3330 Rebd.
1751 3272 1860 3334 Vrstisl
1879 3275 1943 3332 Vol.
1956 3273 1990 3331 V.
2026 3279 2081 3334 lans

1195 3345 1453 3486 {gummuuini
1482 3344 1603 3418 epistolis
1632 3363 1658 3416 p.
1676 3345 1737 3402 882
1767 3353 1796 3400 st
1821 3345 1849 3400 in
1872 3347 1983 3402 Peueeri
2006 3356 2083 3404 treet.

1091 2911 1289 3040 Q.

1118 3565 1331 3643 Reverendo
1371 3571 1448 3642 viro
1482 3565 1684 3641 eruditione
1716 3578 1748 3640 et
1787 3569 1916 3642 vituts
1947 3595 2056 3669 proe-

994 3731 1001 3748 .
1119 3673 1240 3746 stanti
1269 3671 1324 3743 D.
1357 3667 1610 3742 Iohanni
1641 3665 1906 3762 Calvino,
1935 3672 2059 3772 fratri

1477 3799 1546 3846 sno
1572 3771 1698 3848 caries.

1096 3911 1145 3998 S.
1172 3923 1216 4000 D.
1268 3924 1478 3998 Reverende
1501 3926 1556 3994 vir
1577 3938 1612 3996 et
1636 3925 1753 3999 cariss.
1777 3927 1894 3998 frater.
1947 3925 2029 4000 Scio
2049 3942 2083 4001 te

1097 4053 1159 4119 pro
1173 4043 1232 4100 tua
1248 4029 1430 4098 excellenti
1445 4027 1632 4121 prudentia
1649 4051 1689 4097 ex
1707 4028 1846 4119 scriptis
1862 4029 2082 4099 adversario-

1095 4156 1174 4200 rum
1194 4144 1339 4201 tuorum
1355 4131 1529 4210 iudicare,
1553 4131 1674 4224 quales
1692 4129 1763 4198 sint
1785 4152 1908 4198 eorum
1925 4143 2084 4218 naturae,
2151 4213 2157 4226 ¹

1096 4245 1131 4304 et
1153 4235 1248 4326 quod
1274 4233 1480 4304 intueantur
1502 4227 1691 4302 theatrum.
1744 4227 1828 4300 ldeo
1850 4225 1944 4299 nihil
1965 4233 2009 4301 de
2032 4234 2083 4302 eis

1095 4335 1258 4407 scribam.
1319 4333 1476 4406 Tantum
1505 4357 1568 4402 oro
1588 4331 1700 4400 filium
1724 4331 1807 4416 Dei,
1837 4345 1877 4402 ut
1904 4331 1978 4425 ipse
1999 4357 2083 4405 suae

1095 4437 1227 4505 lacerae
1243 4432 1419 4505 Ecclesiae
1436 4437 1628 4518 medeatur,
1654 4433 1750 4504 velut
1764 4431 2006 4518 Samaritanus
2023 4437 2083 4508 itte

1096 4538 1212 4606 saucio
1230 4537 1367 4606 viatori.
1409 4533 1529 4606 Audio
1546 4559 1660 4620 nunc,
1680 4530 1748 4607 τὸν
1762 4529 2006 4631 ὑπερήφανον
2019 4533 2082 4610 seui

1095 4634 1163 4709 τὸν
1181 4629 1418 4732 ἀλεκτρύωνα
1439 4636 1479 4710 ἐν
1502 4636 1603 4734 ὄχθῃ
1624 4637 1755 4732 iorpov
1769 4641 1939 4728 ποταμοῦ
1956 4637 1984 4733 ¹)
2005 4664 2082 4710 ma-

1096 4763 1205 4830 gnum
1230 4741 1399 4809 volumen
1423 4732 1704 4835 στήλητουτικόν
1719 4735 1750 4828 ²)
1782 4752 1904 4809 contra
1933 4764 1990 4810 me
2019 4765 2082 4812 eu-

1097 4846 1195 4929 dere3
1228 4843 1326 4936 quod
1348 4843 1380 4914 si
1406 4846 1529 4916 edetsm
1548 4844 1690 4914 decrevi
1709 4842 1922 4932 respondere
1944 4843 2082 4935 simpli-

1005 5200 1008 5209 ,
1129 5157 1158 5226 *J
1177 5156 1239 5208 Non
1253 5154 1298 5206 din
1314 5153 1411 5206 mansit
1427 5150 1455 5203 in
1470 5165 1596 5214 suunerq
1614 5143 1668 5200 rid.
1679 5145 1756 5216 epist,
1768 5147 1800 5198 ad
1816 5146 1921 5203 cerum
1939 5148 1965 5204 d.
1981 5152 2080 5210 mulsit

1164 5239 1190 5278 et
1203 5228 1229 5277 d.
1244 5225 1286 5275 24.
1303 5222 1366 5274 Maii
1383 5220 1458 5274 1557.

1131 5331 1156 5396 l)
1174 5323 1408 5390 instanciam,
1428 5329 1454 5374 et
1471 5319 1586 5380 Gallum
1603 5308 1839 5370 listisisonensern.

1127 5431 1155 5503 2)
1175 5423 1388 5500 miserarium,
1414 5421 1622 5482 aranearum.

1417 5517 1465 5588 81
