4688 5816
75 196 150 272 681

79 493 143 542 cos
178 483 317 560 gratum
351 481 414 540 est.
477 465 689 558 Queruntur
716 467 975 554 adolescentes,
1011 465 1073 561 qui

79 571 210 642 vestris
233 569 420 661 stipendiis
442 563 501 640 hic
523 571 687 656 aluntur,
732 571 769 638 in
793 563 851 639 his
872 583 1071 661 temporum

80 672 352 744 difficultatibus
375 670 445 742 sibi
466 675 766 762 accessioneopus
780 694 872 764 esse,
901 685 935 742 ct
952 671 1071 740 iudico

79 777 179 868 ipse,
209 797 413 870 quasmuam
435 773 507 844 seio
531 799 590 846 eos
611 775 765 864 frugales
788 797 861 844 esse
884 787 919 844 et
936 785 1070 864 tempe-

79 891 223 960 rantes,
253 875 437 970 aliquanto
458 875 592 947 maiore
607 890 750 967 sumptu
765 875 815 945 eis
830 899 920 968 opus
935 897 1008 944 esse
1025 877 1070 944 ad

77 977 314 1050 necessariam
328 976 488 1070 corporis
503 1001 642 1066 curam,
664 978 722 1050 cui
738 991 856 1048 tamen
874 991 909 1048 et
921 969 1068 1046 Paulus

78 1077 257 1152 bonorem
280 1079 391 1152 tribui
414 1079 531 1164 iubet,
558 1081 642 1174 quia
665 1095 716 1151 est
736 1101 908 1169 organum
927 1079 1069 1148 divina-

77 1207 163 1254 rum
186 1182 367 1254 actionum
388 1195 424 1254 et
437 1181 658 1254 domicilium
673 1178 753 1254 Dei.
805 1176 905 1251 Nihil
922 1195 1003 1272 pcto
1020 1181 1069 1250 cis

78 1287 126 1356 ad
149 1283 346 1378 superfluos
369 1305 475 1368 usus,
503 1285 563 1354 sed
586 1308 650 1354 oro
674 1295 715 1354 ut
729 1283 944 1354 necessitatis
959 1283 1069 1353 ratio·

78 1411 165 1456 nem
181 1383 362 1472 habeatis,
385 1399 420 1457 et
434 1385 573 1456 addatis
587 1385 723 1480 aliquid
740 1387 785 1454 ad
799 1407 917 1456 annua
935 1385 1069 1476 stipen-

78 1489 152 1560 dia.
187 1483 285 1560 Mihi
300 1511 443 1582 quoque
458 1511 562 1558 curae
577 1488 661 1574 erit,
682 1501 722 1557 ut
734 1483 967 1582 Eleemosyna
984 1481 1068 1556 haec

76 1593 173 1662 bene
194 1589 397 1663 collocetur.
449 1587 649 1660 Scriberem
672 1591 791 1681 plura,
816 1589 886 1658 nisi
902 1590 971 1658 iam
990 1613 1066 1658 cer·

75 1694 128 1764 tis
142 1692 436 1786 occupationibus
453 1691 645 1783 impeditus
662 1715 790 1777 essem,
820 1713 907 1784 quas
923 1693 1069 1760 fortasse

77 1819 202 1865 coram
217 1793 516 1869 commemorabo.
557 1791 655 1864 Rene
671 1793 760 1868 vale.
796 1789 865 1864 Die
878 1789 915 1866 5.
930 1791 1068 1866 Martii.

89 2165 162 2242 No.
176 2161 291 2241 6936.

80 2265 299 2302 Μ

345 2363 409 2459 Α.
436 2363 805 2475 Hordendergio.

146 2544 216 2620 Epp.
233 2546 268 2603 sd
285 2545 472 2620 llsrtlenberg.
490 2561 532 2620 ep.
547 2544 591 2604 66.

905 2173 939 2242 5.
957 2164 1047 2230 Mart.

812 2252 815 2258 ’
892 2256 1062 2288 “d

253 2695 308 2776 D.
330 2695 527 2772 Alberto
549 2692 889 2796 Hardebergio.

74 2838 130 2929 S.
152 2847 202 2922 D.
238 2844 449 2921 Reverende
464 2847 533 2932 vir,
559 2857 594 2918 et
607 2844 786 2916 carissime
801 2845 920 2918 frater.
955 2839 1067 2960 Multi

71 2951 265 3044 Principes
280 2963 423 3044 petum,
446 2961 487 3020 ut
501 2948 668 3043 Synodus
684 2949 864 3020 indicatur
880 2945 1066 3016 in‘nostrrs

72 3053 263 3130 Ecelesiis:
289 3049 333 3124 ln
348 3076 388 3122 ea
401 3050 548 3146 synodo
562 3073 701 3120 necesse
714 3063 766 3121 est
780 3047 880 3144 loqui
895 3061 929 3118 et
943 3048 987 3117 de
1002 3045 1065 3115 illa

75 3153 323 3230 controversia
346 3156 392 3224 de
413 3178 483 3248 qua
506 3152 646 3222 scribis:
675 3151 747 3224 Sed
768 3152 851 3224 ride
866 3150 1065 3220 voluntates

73 3257 319 3358 quorundam.
370 3252 625 3328 Convenerunt
645 3253 684 3323 in
709 3253 842 3346 oppido
867 3247 1021 3323 Mollen
1037 3243 1063 3346 ¹)

71 3383 189 3458 prope
207 3351 396 3428 Lubecom
419 3355 697 3428 Concionatores
722 3381 764 3426 ex
785 3357 922 3449 aliquot
947 3353 1062 3426 litoris

72 3463 178 3536 illius
196 3459 366 3548 urbibus,
399 3459 462 3554 qui
484 3460 554 3529 iam
578 3459 705 3529 foedus
724 3459 902 3538 iecerunt,
933 3477 1062 3526 senon

71 3579 249 3637 venturos
269 3585 344 3634 esse
364 3562 409 3632 ad
434 3583 510 3632 eam
534 3559 741 3658 Synodum,
780 3573 814 3632 et
835 3561 879 3629 de
900 3553 967 3628 hac
986 3556 1062 3648 ipsa

71 3665 303 3766 quaestione,
342 3667 387 3736 de
416 3687 485 3759 qua
505 3662 648 3748 scribis,
679 3661 872 3733 Decretum
892 3661 1062 3742 iecerunt,

71 3795 114 3844 se
137 3769 345 3840 defensuros
370 3789 443 3837 esse
464 3761 535 3861 τὴν
556 3759 845 3859 συστοιχείωσιν.
910 3759 965 3832 De
994 3754 1061 3829 hac

69 3885 149 3948 tota
163 3895 203 3942 re
217 3871 275 3941 vel
289 3869 328 3938 in
341 3867 509 3965 Synodo,
533 3867 564 3936 si
575 3870 753 3960 procedet,
778 3866 835 3936 vel
847 3863 932 3935 alias
945 3877 1060 3934 tecum

70 3998 195 4050 coram
210 3973 349 4068 loquar,
364 3970 447 4065 quia
463 3993 528 4040 nec
540 3967 652 4066 literis
666 3969 734 4040 ista
744 3967 962 4041 committere
977 3985 1060 4056 pos-

69 4101 176 4162 sum,
203 4087 238 4147 et
260 4075 331 4144 iam
349 4073 419 4144 alio
435 4095 562 4163 magno
579 4071 701 4142 labore
717 4082 907 4164 occupatus
924 4089 1002 4138 sum
1022 4065 1060 4133 in

67 4177 304 4272 responsione
317 4175 523 4246 adornanda
539 4175 583 4243 de
596 4173 719 4244 multis
734 4172 914 4244 doctrinae
929 4168 1062 4238 articu-

69 4283 121 4354 lis
143 4281 189 4350 ad
210 4279 387 4376 quendam
406 4289 584 4369 potentem
601 4289 634 4346 et
653 4276 788 4346 bouum
805 4271 1009 4364 Principem
1020 4263 1060 4363 ²).

68 4381 173 4456 Bene
190 4381 280 4454 vale.
330 4379 402 4452 Die
416 4374 580 4475 Martii³)
599 4373 707 4452 1556.

809 4473 1011 4568 Philippus.

176 4632 429 4712 Deibenesscio
443 4633 539 4704 filius
554 4631 710 4702 consulis
724 4625 906 4699 Danielis
917 4625 946 4726 ⁴)
966 4641 1061 4699 recte

124 4744 231 4816 valet.
265 4737 440 4812 Tribuam
454 4735 487 4806 ei
502 4735 619 4806 locum
633 4732 672 4802 iu
686 4757 763 4804 mea
780 4756 913 4818 mensa,
938 4745 972 4802 et
986 4743 1062 4802 stu-

68 4893 304 4926 μ...-

108 4991 140 5059 t>
158 4985 222 5044 Vid.
237 4984 318 5042 etim
333 5001 376 5058 ep.
388 4983 424 5040 sd
437 4981 551 5038 llsneel.
567 4977 594 5034 cl.
608 4976 635 5035 5.
648 4975 733 5037 biart.

109 5079 144 5145 η
156 5073 192 5132 sd
209 5071 381 5128 Piensernnr.

104 5161 226 5238 neno
244 5156 377 5214 excidisse
395 5171 544 5210 numerum
561 5149 630 5236 diei,
656 5147 735 5206 ridel.
753 5147 809 5202 52⁰.
844 5147 907 5204 Vid.
928 5147 1007 5220 episi.
1025 5149 1059 5204 sd

142 5223 258 5287 lleneel.
291 5224 402 5281 Etenim
417 5224 474 5278 dies
486 5221 580 5276 Marto
592 5227 631 5274 est
643 5219 671 5275 d.
685 5218 728 5274 16.
742 5221 812 5289 Ape.

104 5315 137 5391 1)
161 5311 286 5372 Danielis
307 5309 437 5379 Daunii,
465 5305 585 5362 cormelis
604 5304 778 5378 bremensis,
806 5305 854 5378 qui
870 5302 1059 5377 Hardenbergi

143 5393 202 5443 eret
217 5382 311 5438 butor
328 5389 355 5437 st
371 5376 509 5435 defensor.

590 127 1077 268 ¹uussuouauuu
1127 188 1349 272 maxa
1401 191 1534 272 asse.

64 371 161 454 beo,
186 365 285 461 quod
300 358 392 436 mibi
409 387 483 438 non
499 387 577 436 mea
598 387 715 454 eausa,
740 366 802 436 scd
822 378 967 458 propter
983 365 1074 438 smi-

2035 199 2111 272 682

1177 363 1238 436 dia
1252 363 1448 458 inspiciam.
1494 363 1581 436 Heri
1598 361 1690 436 mihi
1706 351 1876 460 scriptum
1894 361 2055 442 exhibuit
2073 385 2112 441 ut

1174 467 1219 536 de
1234 465 1466 562 Praeceptore
1484 467 1686 538 deliberem.

1119 798 1187 877 No.
1201 797 1316 880 5966.
1409 861 1414 868 ,

1126 895 1298 929 Μ

1429 987 1558 1073 Hier.
1592 987 1803 1076 Wellero.

1188 1146 1275 1224 Epist.
1286 1147 1334 1207 lib.
1348 1147 1381 1206 ll.
1394 1167 1424 1222 p.
1437 1147 1498 1204 29³.
1517 1149 1571 1218 (ed.
1583 1147 1671 1208 Lond.
1685 1148 1731 1206 lib.
1742 1145 1778 1203 ll.
1793 1167 1836 1221 ep.
1847 1149 1932 1214 298.l.

1306 1303 1362 1380 D.
1385 1303 1674 1405 Hieronymo
1708 1303 1924 1382 Wellero

1946 900 2114 932 Μ

1119 1439 1167 1528 S.
1191 1449 1237 1525 D.
1285 1451 1496 1526 Reverende
1521 1455 1577 1525 vir
1599 1471 1633 1529 et
1656 1453 1861 1528 charissime
1880 1459 2005 1545 irater,
2032 1455 2109 1530 Au-

1118 1555 1195 1627 divi
1223 1557 1298 1648 ipse
1311 1553 1338 1654 ¹)
1363 1556 1644 1628 illustrissimum
1665 1560 1800 1630 Ducem
1820 1557 2019 1630 Electorem
2041 1557 2109 1630 ho·
2199 1594 2206 1605 ·

1119 1659 1265 1730 norifice
1286 1659 1331 1728 de
1349 1671 1384 1728 te
1400 1657 1624 1752 loquentem,
1647 1660 1843 1750 significare
1860 1685 1959 1732 suam
1977 1686 2056 1752 erga
2073 1679 2106 1730 te

1118 1759 1413 1832 benevolentiam.
1464 1757 1589 1830 Postea
1611 1763 1655 1831 de
1671 1777 1704 1832 te
1720 1763 1825 1834 etiam
1843 1759 2036 1834 honorilice
2052 1766 2105 1832 lo-

1119 1862 1191 1932 cuti
1206 1875 1307 1948 sunt,
1333 1861 1389 1931 vir
1405 1861 1538 1932 nobilis
1553 1859 1598 1934 D.
1616 1855 1793 1934 Puniceus
1809 1880 1843 1936 et
1858 1868 1982 1935 doctor
1996 1860 2106 1935 Mor-

1121 1957 1256 2050 disius;
1288 1963 1519 2058 quibuscum
1543 1987 1753 2056 exponerem
1772 1980 1868 2037 tuam
1889 1967 2107 2058 petitionem,

1119 2067 1381 2156 responderunt
1402 2089 1439 2136 se
1459 2067 1675 2157 perfecturos
1692 2091 1784 2152 esse,
1810 2081 1850 2139 ut
1869 2069 2105 2138 attribueren-

1120 2181 1180 2238 tur
1200 2167 1268 2238 tibi
1284 2168 1419 2238 reditus
1434 2185 1476 2236 ex
1492 2163 1649 2259 Collegio
1664 2183 1792 2244 vestro.
1844 2165 1964 2258 Quare
1981 2173 2105 2240 admo-

1119 2269 1221 2338 nebis
1241 2293 1301 2340 eos
1322 2270 1378 2338 vel
1398 2267 1469 2340 tuis
1492 2267 1623 2355 literis,
1659 2271 1714 2338 vel
1737 2295 1800 2362 per
1823 2271 1965 2344 amicos.
2029 2267 2105 2358 Ego

1119 2371 1226 2441 etiam
1239 2371 1397 2441 monitor
1412 2393 1492 2452 ero,
1518 2383 1558 2440 ut
1571 2395 1626 2440 res
1640 2373 1850 2463 perficiatur.
1885 2371 1970 2442 Vidi
1990 2375 2106 2464 pictu-

1118 2496 1195 2542 ram
1210 2472 1361 2542 monstri
1371 2467 1411 2568 ²),
1436 2493 1544 2565 quam
1559 2473 1696 2558 misisti,
1720 2497 1800 2544 cum
1816 2477 1940 2544 eodem
1955 2473 2012 2543 die
2028 2499 2105 2543 ma-

1118 2598 1165 2644 ne
1179 2573 1243 2644 diu
1257 2573 1515 2666 contemplatus
1529 2597 1638 2643 essem
1655 2576 1851 2646 terribilem
1865 2572 2049 2646 Comatam
2066 2579 2103 2643 in

1118 2672 1279 2763 Astraea,
1300 2699 1406 2772 quem
1423 2689 1457 2746 et
1473 2698 1536 2744 vos
1550 2678 1788 2748 considerasse
1805 2679 1976 2751 existimo.
2009 2675 2103 2748 Cau-

1118 2779 1163 2848 da
1184 2778 1317 2850 directa
1340 2800 1461 2848 versus
1486 2771 1698 2872 Belgicam.
1729 2780 1888 2850 fortassis
1907 2793 1941 2850 et
1960 2777 2103 2870 Belgica

1116 2877 1274 2951 Domino
1296 2879 1472 2964 minatur,
1512 2879 1602 2952 sicut
1625 2895 1660 2951 et
1684 2895 1833 2952 mortem
1857 2881 1968 2973 patris
1991 2883 2103 2971 ipsius

1116 2981 1301 3054 antecessit
1331 2977 1489 3054 Cometa.
1556 2977 1635 3053 Oro
1658 2980 1794 3053 Filium
1815 2979 1884 3054 Dei
1906 2979 2103 3052 Dominum

1115 3095 1276 3155 nostrum
1302 3079 1418 3154 lesum
1441 3076 1645 3166 Christum,
1685 3097 1727 3154 ut
1750 3107 1816 3156 nos
1838 3085 2030 3177 gubernet,
2068 3097 2104 3154 et

1115 3199 1229 3256 servet
1260 3181 1388 3256 harum
1420 3186 1604 3276 regionum
1634 3181 1820 3258 Ecclesiae.
1883 3183 1983 3256 Bene
2010 3187 2102 3256 vale.

1113 3284 1182 3358 Die
1197 3287 1232 3358 7.
1248 3287 1385 3364 Martii.

1122 3629 1188 3703 No.
1205 3629 1320 3706 5987.

1116 3725 1329 3766 Μ

1439 3813 1573 3928 (ope.
1601 3811 1773 3924 neec..)

1191 4051 1196 4070 Ι
1213 3969 1315 4030 muts
1331 3970 1431 4046 rar...
1447 3991 1475 4047 p.
1487 3973 1550 4030 sae.

1110 4123 1321 4202 Reverendo
1355 4129 1449 4216 viro,
1483 4127 1540 4210 D.
1566 4127 1619 4208 N.
1644 4125 1698 4206 N.
1724 4123 1920 4230 [Libya]
1953 4130 2101 4228 pastori

1110 4229 1300 4307 Ecclesiae
1314 4229 1395 4306 Dei
1413 4233 1454 4306 in
1477 4233 1585 4306 veteri
1598 4231 1744 4305 Brenni
1764 4255 1864 4321 arce,
1884 4229 2012 4333 fratri
2030 4255 2099 4302 suo

1493 4330 1724 4423 charissimo,

1922 3721 2093 3756 W

1112 4476 1161 4566 S.
1184 4487 1231 4564 D.
1280 4484 1490 4560 Reverende
1503 4485 1573 4572 vir,
1598 4497 1635 4557 et
1650 4479 1855 4556 charissime
1870 4487 1991 4560 frater.
2017 4483 2098 4554 Me-

1112 4593 1255 4664 tuebam
1276 4589 1452 4660 venientis
1475 4589 1563 4658 anni
1578 4601 1713 4670 motus,
1744 4601 1887 4680 propter
1901 4585 2051 4660 Saturni
2064 4600 2098 4655 et

1112 4692 1241 4766 Martis
1280 4691 1580 4762 coniunctionem.
1646 4688 1751 4760 Nunc
1785 4689 1920 4760 accedit
1953 4701 2099 4770 cometa,

1112 4796 1212 4867 euius
1233 4807 1286 4865 est
1305 4817 1431 4883 magna
1453 4794 1584 4876 moles,
1611 4793 1739 4862 ardens
1764 4792 1801 4860 iu
1826 4791 1962 4880 virgine
1986 4812 2098 4881 prope

1110 4887 1373 4996 npocpvyncsie‘
1390 4887 1431 4992 *)
1457 4909 1531 4966 tota
1560 4897 1633 4966 iere
1665 4905 1768 4962 nocte
1792 4893 1950 4985 conspici
1974 4903 2098 4982 potest.
2144 4897 2176 4976 ᾗ

1110 4999 1202 5073 Cum
1226 4999 1336 5090 igitur
1356 5021 1503 5089 magnae
1526 5019 1645 5068 rerum
1669 4995 1895 5067 confusiones
1917 5007 2098 5066 secuturae

1149 5201 1178 5270 1)
1197 5197 1330 5254 Dresdam
1348 5197 1487 5266 proiectus
1505 5193 1594 5246 iuerat
1606 5207 1701 5246 mense
1715 5190 1876 5248 Februario.

1142 5287 1171 5356 1)
1190 5283 1336 5350 Cometes,
1355 5279 1402 5352 qui
1415 5276 1633 5351 conspiciebatur
1645 5294 1682 5331 m.
1694 5275 1798 5332 Martio
1813 5277 1889 5336 1556.

1142 5369 1175 5440 *)
1194 5365 1284 5425 Manl.
1300 5365 1446 5422 mendose:
1463 5357 1666 5438 προτρογητιὶν.

1961 817 1996 875 7.
2009 807 2098 874 Illart.
2213 799 2216 804 ¹
