4682 5822
223 223 300 298 tss
776 202 1213 286 Erts'rotttttttd

226 397 315 468 citer
342 407 377 464 66
406 393 482 462 sine
509 388 747 480 ambiguitate.
808 381 972 478 Eumque
1001 369 1215 474 laborcm')

227 499 353 567 debere
375 520 431 564 me
451 493 527 566 Deo
552 508 585 562 et
611 489 788 560 Ecclesiae
811 487 942 559 iudico.
994 481 1066 554 Nec
1089 485 1124 552 in
1151 475 1216 548 hac

228 611 364 668 senecta
391 599 599 686 pertimesco
622 592 725 662 exilia
751 605 783 658 et
809 590 877 656 alia
905 587 1070 679 pericula.
1121 581 1218 652 Bene

230 715 263 770 et
279 699 428 770 feliciter
445 699 533 771 vale.
585 693 652 766 Die
671 695 728 766 12.
744 689 846 764 Maii.

921 803 1118 898 Philippus.

246 1217 312 1291 No.
329 1214 445 1288 5784.

245 1319 454 1352 W
543 1411 547 1418 ’
588 1412 699 1526 Cpb.
723 1411 872 1497 Libia.

304 1599 325 1662 i·
343 1593 378 1648 Er
391 1610 484 1664 apogr.
497 1589 525 1645 in
538 1588 600 1646 cod.
615 1585 700 1642 Paris.
716 1583 755 1642 D.
769 1584 875 1640 1..5t⁸.

276 1749 621 1856 Christophoro
647 1745 987 1852 Libio‚*Postori
1001 1727 1192 1823 Ecclesiae

540 1851 927 1950 Brundenhurgensis.

242 2015 293 2106 S·
308 2028 363 2102 D.
414 2024 625 2098 Reverendo
640 2025 695 2094 vir
713 2037 747 2094 et
763 2024 878 2096 cariss.
895 2023 1014 2096 irater.
1054 2016 1162 2092 Edita
1179 2033 1230 2090 est

243 2125 404 2201 Sleduni
421 2121 583 2196 historia
604 2129 648 2195 de
669 2126 879 2217 germanicis
894 2125 1068 2207 motibus,
1095 2123 1157 2215 qui
1174 2118 1230 2191 his

243 2234 388 2323 triginta
411 2231 515 2298 annis
539 2229 748 2310 extiterunt,
779 2251 819 2298 ac
839 2227 1025 2318 praecipue
1046 2225 1090 2292 de
1105 2221 1231 2294 Eccle-

246 2337 377 2406 siarum
403 2331 671 2404 mutationibus.
730 2329 839 2400 Liber
861 2328 1042 2398 dedicatus
1065 2339 1118 2396 est
1139 2325 1232 2396 Duci

245 2435 419 2509 Saxoniae
436 2429 602 2527 Augusto
619 2425 695 2525 ⁴¹⁵),
728 2432 790 2524 qui
810 2430 905 2500 misit
920 2427 1084 2520 scriptori
1099 2429 1233 2498 ducen-

246 2556 301 2611 tos
322 2530 564 2608 loachimicos.
624 2533 888 2604 Liberalitatem
921 2529 1092 2622 principis
1113 2529 1234 2613 laudo,

247 2642 306 2712 sed
327 2634 512 2707 historiam
529 2661 603 2705 non
618 2635 743 2720 laudo,
768 2635 851 2728 quia
867 2627 941 2705 ἀπὸ
963 2628 1085 2730 ἔργων
1101 2627 1147 2702 οὐ
1165 2655 1235 2702 κα-

247 2746 324 2814 λῶν
338 2736 407 2812 οὐκ
421 2737 520 2811 ἔστιν
535 2735 602 2832 ἔπη
616 2727 724 2810 καλά.
768 2735 886 2806 Multa
898 2746 1030 2818 narrat,
1056 2756 1145 2826 quae
1159 2755 1235 2801 ma-

246 2844 312 2914 lim
328 2843 455 2913 obruta
477 2864 551 2910 esse
566 2853 708 2910 aeterno
732 2837 886 2911 silentio.
936 2834 977 2908 si
997 2833 1095 2904 voles
1116 2833 1236 2904 videre

249 2946 401 3028 libmm,
433 2937 503 3012 huc
515 2943 558 3012 ad
577 2965 643 3011 nos
658 2940 789 3014 venias.
828 2938 919 3010 Nam
933 2937 1027 3030 apud
1041 2959 1103 3006 vos
1120 2959 1235 3006 exem-

250 3049 348 3139 plum
375 3068 450 3113 non
473 3040 596 3114 haberi
622 3043 793 3114 existimo.
845 3039 934 3110 Tria
957 3039 1058 3108 vobis
1080 3039 1235 3130 exempla

250 3149 353 3218 mitto
370 3141 670 3216 Enarrationum
694 3139 927 3227 Salomonis,
952 3153 1105 3236 quorum
1124 3163 1236 3210 unum

250 3248 440 3330 retinebis,
466 3246 615 3316 alterum
632 3247 734 3316 dabis
756 3247 873 3316 vicino
897 3259 958 3314 tuo
975 3238 1140 3326 Simoni,
1164 3254 1237 3312 ter-

251 3351 340 3424 tium
357 3349 508 3436 collegae
522 3344 694 3420 Kittelio.
731 3346 813 3417 Scio
829 3345 981 3438 pueriles
999 3345 1138 3412 libellos
1153 3347 1238 3426 esse.

251 3455 311 3524 sed
328 3451 515 3520 lectionem
537 3447 629 3520 hauc
644 3449 821 3519 utiliorem
844 3470 916 3516 esse
938 3445 1139 3515 iunioribus
1156 3467 1238 3514 cen-

251 3579 329 3636 seo,
380 3576 486 3646 quam
518 3555 706 3624 lectionem
742 3551 979 3632 tumultuum,
1026 3547 1088 3641 qui
1122 3545 1238 3616 stulti-

251 3658 337 3729 tiam
369 3667 404 3724 et
436 3653 612 3742 ignaviam
646 3667 802 3724 nostram
833 3650 1036 3722 ostendunt.
1097 3647 1237 3738 Quaeso

251 3772 292 3830 ut
315 3757 529 3846 respondeas
556 3753 646 3826 mibi
671 3780 712 3826 ac
736 3753 926 3845 significes,
968 3777 1012 3822 an
1040 3749 1129 3820 istuc
1156 3743 1239 3817 Sie-

252 3856 347 3930 dani
368 3857 459 3927 liber
483 3859 610 3930 allatus
624 3857 680 3934 sit.
730 3855 934 3932 Benenate.
982 3852 1050 3924 Die
1073 3851 1132 3926 18.
1148 3849 1239 3922 Maii

253 3955 363 4034 1555.

987 4049 1189 4147 Philippus.
1221 4062 1226 4066 “

255 4291 1222 4324 W

1071 4467 1130 4532 6ο.
1152 4429 1238 4525 lton.

1061 4551 1233 4582 m

252 4464 319 4539 No.
334 4465 448 4541 5785.

259 4561 430 4592 Μ

608 4675 667 4764 Η.
696 4675 878 4760 Beiero.

318 4861 395 4935 *ills
415 4869 526 4934 autogr·
546 4857 582 4913 bo
607 4857 635 4912 io
659 4851 845 4912 uts1.Sanu.
867 4847 995 4908 Francos.
1016 4846 1085 4908 ntibi
1104 4846 1239 4920 descripta

351 4931 506 4989 selant).
547 4931 688 4984 oehmero.

248 5097 472 5116 anun—nu·—

283 5224 311 5295 *t
329 5223 360 5276 lu
374 5219 452 5277 Calr.
465 5225 554 5272 textus
570 5231 625 5283 per
643 5207 782 5266 lodorein.
884 5267 887 5274 ,

279 5321 477 5447 „lintizi”
496 5315 573 5385 epist.
587 5313 622 5371 ad
644 5313 800 5384 Augustum
823 5309 868 5368 Pr.
881 5305 964 5366 stau.
977 5305 1005 5362 d.
1025 5307 1059 5364 Χ.
1073 5302 1130 5363 cat.
1143 5303 1233 5378 April.

1274 205 1382 284 cto.
1407 205 1490 285 6666.
1534 203 1676 314 6666.

1270 473 1326 552 D.
1353 475 1647 550 Hartmanno
1679 473 1882 652 [Beieroj
1909 478 2051 554 docente
2078 479 2262 576 Econgd.

1297 577 1336 648 in
1363 575 1505 674 inclyto
1527 577 1613 650 urbe
1637 575 1679 650 F
1677 581 1853 682 rancosur
1882 583 1920 654 io
1945 583 1984 654 in
2009 582 2095 682 ripn
2113 577 2242 670 Meni,

1590 681 1719 782 sratri
1733 708 1802 756 suo
1816 683 1945 759 carras.

1274 819 1322 908 S.
1349 828 1395 903 D.
1444 827 1657 902 Venerande
1677 833 1735 904 vir
1756 848 1790 903 et
1811 824 1989 904 carissime
2001 837 2122 908 frater.
2173 832 2265 904 Cum
2332 875 2333 878 =

1275 947 1311 1004 et
1332 932 1469 1002 utiliter
1498 935 1629 1002 servias
1650 931 1827 1004 Ecclesiae
1858 939 1913 1004 dei
1943 939 1982 1004 in
2014 937 2268 1030 propagatione
2332 973 2333 988 .

1276 1035 1474 1116 doctrinae,
1501 1047 1535 1104 et
1558 1035 1845 1106 coniunctionem
1865 1033 2104 1107 Ecclesiarmn
2127 1053 2270 1107 nostra·
2332 1037 2333 1050 ¹

2187 209 2257 286 666

1274 369 1495 446 Venerando
1508 373 1600 463 viro,
1626 371 1830 450 eruditione
1848 387 1880 450 et
1895 379 2026 452 virtute
2040 376 2260 478 praestanti,
2332 419 2333 422 =

1277 1161 1357 1206 rum
1372 1133 1500 1204 eximia
1519 1137 1647 1227 pietate
1665 1151 1699 1208 et
1715 1141 1912 1210 constantia
1933 1141 2081 1223 tuearis,
2105 1141 2212 1229 diligi
2236 1153 2269 1208 te
2332 1163 2333 1240 3

1277 1240 1321 1308 ab
1344 1236 1510 1306 omnibus
1534 1239 1602 1328 piis
1624 1239 1755 1308 iustum
1778 1255 1841 1314 est.
1899 1240 1980 1310 Mea
2002 1243 2107 1311 etiam
2129 1266 2214 1330 erga
2239 1255 2271 1308 te
2332 1243 2333 1260 ¹

1278 1339 1521 1408 benevolentia
1545 1341 1748 1410 confirmata
1775 1356 1826 1410 est
1842 1355 2022 1415 vetustate.
2053 1339 2185 1432 ·Qood
2209 1367 2271 1410 an-

1279 1457 1349 1514 tem
1366 1464 1446 1510 raro
1468 1443 1512 1510 ad
1534 1453 1568 1512 te
1589 1443 1723 1528 scribo,
1748 1443 1787 1512 lit
1810 1467 1884 1514 non
1907 1445 2089 1514 obliuione
2110 1446 2184 1529 tui,
2211 1445 2270 1513 sed

1282 1556 1427 1635 propter
1467 1543 1737 1634 occupationum
1771 1559 1971 1616 nostrarum
2013 1547 2271 1617 confusionem.

1281 1643 1385 1714 Nunc
1408 1644 1527 1712 literas
1549 1645 1630 1712 dedi
1654 1639 1738 1714 huic
1764 1640 1903 1716 homini
1918 1647 2062 1730 celtico,
2096 1641 2272 1718 Mattheu

1282 1738 1558 1838 Andegavensi,
1583 1745 1645 1840 qui
1666 1748 1836 1836 cogitarat
1860 1749 1898 1818 in
1912 1745 2064 1818 Daniam
2086 1750 2273 1838 proticisci,

1281 1850 1341 1918 sed
1358 1847 1535 1936 ignoranti
1549 1847 1688 1938 linguas
1703 1844 1828 1918 barum
1844 1850 2002 1940 gentium
2020 1866 2053 1921 et
2068 1851 2163 1921 vitae
2187 1875 2272 1919 con-
2332 1875 2333 1902 6

1282 1949 1504 2020 suetudinem
1528 1949 1677 2018 dissuasi
1700 1945 1767 2020 hoc
1787 1951 1864 2022 iter.
1916 1947 1994 2021 Oro
2016 1953 2046 2020 si
2068 1967 2168 2044 potes
2196 1953 2273 2022 istic

1283 2075 1363 2121 eum
1380 2050 1483 2120 alicui
1500 2043 1639 2119 homiui
1653 2051 1809 2122 benefico
1825 2057 2091 2138 commendare,
2115 2079 2162 2124 ne
2182 2055 2273 2123 desis
2332 2109 2333 2134 2

1284 2151 1377 2222 exuli
1401 2151 1459 2244 pio
1481 2165 1515 2222 et
1537 2153 1714 2244 expetenti
1735 2155 1945 2225 doctrinam.
1996 2153 2138 2244 Cogitat
2161 2157 2273 2225 artifi-

1284 2253 1396 2338 cium,
1421 2255 1516 2347 quod
1537 2277 1647 2323 manu
1672 2269 1847 2342 exerceat,
1873 2257 2006 2326 discere
2028 2260 2125 2326 unde
2141 2259 2273 2326 victum
2332 2269 2333 2330 9

1285 2351 1424 2426 babeat.
1476 2351 1564 2424 Eam
1584 2359 1628 2424 ad
1652 2379 1725 2424 rem
1744 2361 1848 2428 credo
1869 2359 1947 2428 istic
1962 2359 2100 2430 facilius
2118 2358 2275 2427 inveniri
2332 2391 2333 2418 1

1286 2457 1473 2527 consilium
1490 2481 1596 2548 quam
1616 2457 1654 2526 in
1680 2461 1811 2528 nostris
1831 2461 2046 2550 regionibus.
2099 2455 2190 2530 Alai
2204 2458 2276 2529 Hi-
2332 2465 2333 2542 Ῠ

1285 2581 1444 2654 spanum
1468 2570 1541 2627 toto
1564 2551 1700 2653 hyeme.
1759 2551 1829 2632 Sed
1852 2585 1916 2631 nec
1938 2562 2136 2632 doctrinam
2157 2585 2276 2632 amare

1287 2660 1384 2729 visus
1398 2673 1469 2744 est,
1495 2683 1559 2729 nec
1574 2675 1693 2731 nostra
1711 2661 1824 2732 officia
1842 2663 1929 2732 boni
1944 2663 2140 2738 consulere.
2195 2663 2276 2735 Scio
2332 2691 2333 2722 ss

1289 2759 1447 2831 Gallicos
1466 2755 1629 2831 homines
1651 2763 1769 2834 miuus
1789 2766 1960 2854 superbos
1980 2789 2063 2839 esse.
2120 2761 2169 2834 Et
2193 2760 2276 2834 huic
2332 2763 2333 2784 l

1288 2855 1467 2932 Marthae
1492 2863 1610 2932 cibum
1632 2865 1771 2952 darem,
1802 2867 1871 2936 uisi
1893 2881 2005 2938 artem
2034 2860 2276 2936 mechanicam

1289 2966 1421 3035 discere
1436 2965 1614 3053 cogitaret.
1669 2963 1808 3054 Quaeso
1825 2983 1864 3040 ut
1886 2970 2014 3038 misero
2031 2966 2101 3038 tuis
2118 2967 2277 3038 consiliis
2332 3021 2333 3028 .

1289 3082 1323 3136 66
1342 3068 1654 3158 commendatione
1679 3093 1783 3160 opem
1807 3071 1909 3146 leras.
1969 3067 2067 3140 Bene
2090 3071 2188 3152 vale,
2222 3071 2276 3138 die

1289 3169 1350 3244 20.
1369 3165 1460 3238 Maii
1482 3164 1589 3246 1555.
1887 3165 1893 3172 .

1977 3267 2181 3366 Philippus.

1304 3669 1371 3744 No.
1385 3671 1500 3743 5786.

1300 3769 1514 3806 m

1614 3861 1666 3949 (i.
1694 3861 1962 3981 Agricolae.

1361 4017 1444 4092 Epist.
1460 4017 1509 4076 tiu.
1523 4019 1560 4076 11.
1582 4039 1609 4092 p.
1620 4021 1681 4077 5⁵9.
1698 4021 1756 4093 (ed.
1770 4021 1860 4076 houd.
1878 4023 1927 4078 lib.
1941 4023 1978 4079 ll.
1996 4041 2039 4096 ep.
2052 4023 2138 4094 ⁵⁸¹·>·

1513 4175 1560 4254 D.
1586 4169 1792 4274 Georgia
1813 4175 2067 4278 Agricolae

1294 4313 1343 4400 S·
1371 4327 1415 4398 D.
1464 4329 1547 4400 Non
1576 4331 1724 4402 dubium
1756 4346 1809 4404 est
1840 4329 1997 4406 scholam
2019 4325 2283 4408 Christianum

1294 4432 1473 4516 verissime
1501 4433 1672 4524 templum
1700 4431 1767 4504 Dei
1794 4459 1884 4520 esse,
1924 4437 1963 4506 in
1984 4463 2055 4531 qno
2089 4439 2127 4508 in
2155 4443 2284 4510 animis

1294 4549 1432 4605 tenerae
1459 4533 1653 4604 iuventutis
1679 4539 1775 4607 adest
1803 4539 1922 4624 Deus,
1956 4551 1990 4609 et
2013 4539 2170 4610 assident
2198 4543 2284 4614 casti

1293 4636 1408 4726 angeli
1432 4638 1593 4705 custodes
1615 4660 1824 4726 corporum,
1857 4651 1893 4728 et
1917 4640 2074 4732 ipsorum
2094 4643 2284 4734 parietum,

1293 4738 1386 4806 intra
1407 4761 1495 4830 quos
1516 4749 1619 4806 sonat
1644 4763 1712 4807 vox
1734 4741 1936 4822 doctrinae,
1970 4764 2060 4836 quae
2083 4747 2282 4816 neccssaria

1292 4851 1343 4910 est
1357 4835 1545 4908 Ecclesiae.
1597 4835 1676 4910 Hoc
1699 4853 1733 4909 te
1758 4865 1860 4934 saepe
1877 4844 2030 4932 rogitare
2052 4869 2124 4914 non
2143 4847 2282 4932 dubito,

1291 4941 1402 5031 eoque
1419 4940 1569 5010 alacrius
1585 4935 1692 5010 huius
1707 4942 1855 5016 militiae
1875 4943 2015 5014 labores
2037 4947 2169 5031 facere,
2197 4973 2282 5018 con-

1291 5040 1446 5108 cordiam
1463 5040 1566 5112 etiam
1585 5042 1798 5132 collegarum
1822 5060 1967 5138 propter
1979 5043 2093 5118 Deum
2109 5062 2144 5119 et
2162 5045 2282 5140 Ange·

1289 5141 1405 5212 lorum
1422 5157 1559 5214 coetum
1577 5144 1747 5218 libentius
1762 5149 1865 5230 tueri.
1916 5145 2025 5218 Hunc
2046 5149 2155 5240 igitur
2170 5143 2282 5221 Lau-

1289 5243 1444 5314 rentium
1475 5237 1724 5328 Ludovicum,
1767 5273 1872 5342 quern
1899 5249 1964 5320 tibi
1992 5268 2135 5324 senatus
2167 5255 2282 5334 addit.

1286 5347 1439 5420 libenter
1453 5347 1711 5439 complectaris,
1723 5365 1726 5374 ‘
1737 5361 1773 5421 et
1786 5351 1860 5444 ipse
1874 5351 2054 5445 promittit
2069 5377 2107 5424 se
2123 5355 2190 5426 tibi
2204 5367 2280 5425 stu-

2127 3679 2280 3754 raua.

2142 3775 2273 3802 Μ
2332 3769 2333 3794 t
