4688 5816
237 257 315 332 bib

239 425 456 504 sentiebant,
492 436 526 496 et
547 421 719 496 uolebant
742 425 838 496 illam
865 427 1112 519 pulcerrimam
1140 425 1231 520 poli-

239 531 323 598 tiam
344 525 490 598 destrui.

342 657 418 729 llos
433 658 576 728 tandem
591 657 825 730 retutatDeus
839 659 974 730 excidio
989 657 1233 758 lerosolymam,

241 777 275 834 et
292 761 444 832 aliarum
468 760 631 842 urbium,
657 775 691 830 et
709 763 817 830 totius
839 762 953 852 gentis
970 761 1128 836 interitu.
1180 759 1232 834 lta

243 866 380 934 cineres
392 875 426 930 et
443 863 571 931 rudera
587 863 730 930 urbium
748 877 929 947 testantur,
948 866 1124 936 decretum
1135 862 1235 956 Apo·

244 966 417 1038 stolorum
443 985 567 1032 verum
591 986 683 1049 esse,
716 979 750 1034 et
767 966 954 1036 dissidium
974 969 1116 1036 tandem
1137 963 1234 1038 tolli-

243 1083 314 1138 tur.
366 1065 426 1136 Sic
450 1089 530 1134 cum
548 1068 641 1135 edita
666 1081 717 1134 εει
733 1065 870 1160 Syuocli
889 1069 1082 1149 confessio,
1108 1083 1143 1139 et
1166 1067 1234 1136 im-

245 1171 297 1262 pii
323 1167 554 1254 dogmatistae
588 1191 628 1235 ex
654 1165 810 1238 Ecclesia
840 1171 980 1262 piorum
1008 1171 1108 1241 eiccti
1140 1183 1236 1254 sunt,

245 1267 510 1340 Ecclesiasticus
533 1269 638 1338 iudex
662 1293 735 1338 rtou
753 1273 833 1340 aliis
857 1273 971 1341 modis
994 1273 1117 1343 tollere
1132 1271 1237 1342 dissi·

247 1374 306 1442 dia
328 1383 458 1462 potest,
484 1393 549 1439 uec
573 1383 624 1440 est
648 1371 769 1454 lictor,
794 1377 852 1442 scd
870 1371 967 1444 Deus
984 1373 1058 1465 ipse
1072 1375 1237 1444 defensor

249 1489 301 1546 est
320 1472 495 1558 veritatis,
527 1485 561 1542 et
576 1474 717 1544 tandem
736 1475 830 1546 delet
846 1477 970 1568 impias
987 1490 1113 1562 sectas,
1147 1477 1238 1546 sicut

817 247 1249 332 EPlSTOLARUM
1300 248 1515 332 atnxtt.
1569 249 1699 330 1655.

2209 251 2280 326 att

1285 437 1416 518 potest,
1443 449 1523 494 cum
1541 415 1672 515 spectat
1690 417 1786 492 hunc
1800 423 1927 506 linem,
1954 431 1991 492 nt
2011 435 2162 516 praestet
2183 425 2280 515 pinu:

1285 527 1452 599 osticium.
1504 525 1560 596 De
1587 522 1651 594 hac
1675 525 1852 606 officiosa,
1882 549 1941 594 seu
1967 527 2214 604 oeconomica,
2248 537 2281 594 et

1286 627 1342 720 pia
1358 627 1579 698 mutuatione
1595 622 1691 696 baud
1708 627 1817 695 «lubic
1837 627 1997 718 loquitur
2014 627 2067 696 lex
2086 625 2168 708 Dei,
2195 649 2285 719 qrrae

1286 725 1451 822 prohibet
1468 751 1628 800 trstrrasa
1648 731 1757 798 tratre
1776 741 1908 818 petere:
1931 726 1979 800 Et
1994 723 2182 812 Christus,
2204 751 2285 796 curn

1288 832 1353 902 ait:
1386 827 1489 900 Date
1518 838 1703 915 mutuam,
1736 823 1838 898 nibil
1862 825 1947 899 inde
1977 837 2178 928 sperantes.
2237 824 2285 898 Et

1288 929 1373 1002 haec
1389 935 1566 1004 mutuatio
1589 947 1640 1002 εει
1657 933 1813 1002 osticium
1832 933 1986 1016 virtutis,
2012 957 2085 1002 uon
2105 945 2157 1002 est
2174 953 2285 1021 nego—

1288 1035 1404 1104 tiatio:
1445 1031 1491 1104 Ει
1519 1047 1560 1106 ιιι
1585 1028 1655 1106 ltoc
1681 1035 1797 1103 officio
1830 1036 1878 1126 pii
1907 1035 2030 1104 iuvent
2060 1034 2284 1104 calamitosos

1288 1149 1447 1227 egentes,
1481 1135 1687 1230 praesertim
1720 1135 1818 1228 pios,
1858 1137 2011 1206 docendi
2045 1149 2082 1208 et
2114 1131 2285 1206 hortandi

1288 1252 1382 1312 sunt.
1433 1233 1482 1308 Et
1502 1261 1575 1308 esse
1596 1237 1701 1308 debet
1727 1237 1922 1328 gratuitum
1944 1237 2120 1324 officium,
2154 1251 2188 1307 et
2204 1260 2286 1327 gra-

1289 1339 1378 1412 tuita
1402 1341 1591 1416 mutuatio.

1373 1487 1536 1562 Secunda
1552 1489 1684 1582 species
1697 1487 1824 1560 usitata
1839 1488 2074 1560 mutuationis
2089 1503 2152 1574 est,
2171 1515 2285 1585 quan-

250 1574 443 1668 Aegyptios
461 1575 610 1656 delevit,
637 1589 672 1645 et
693 1598 795 1667 saepe
816 1579 989 1670 oppressit
1013 1577 1159 1649 ludaeos
1180 1579 1238 1646 in·
1290 1593 1337 1662 do
1353 1593 1398 1662 od
1413 1592 1637 1685 profusiones
1651 1605 1777 1684 petunt
1794 1589 1980 1684 Principes
2001 1593 2187 1686 pecuniam
2204 1619 2283 1662 mo.

250 1691 467 1748 blilufdbul'oss
484 1677 779 1769 sudm'POllllAm,
802 1693 837 1750 el
851 1683 940 1750 SlClll
954 1681 1097 1751 sublttlll
1114 1677 1237 1750 Mdbll·
1290 1707 1371 1782 1110,
1396 1708 1431 1766 et
1447 1695 1675 1788 plaerumque
1695 1706 1819 1786 petunt
1834 1715 1979 1784 magnas
1994 1717 2162 1768 summa&
2215 1693 2282 1764 Hie

250 1773 417 1862 thaeum,
443 1801 549 1872 quem
564 1777 831 1852 lsslersetlbssex
848 1779 1028 1865 Persicus,
1054 1795 1240 1852 611111Εὸ8οῐ
1291 1797 1422 1889 duplex
1444 1809 1496 1868 est
1516 1809 1713 1892 peccatum,
1764 1791 1894 1864 petens
1915 1796 2279 1888 mu111um,.petitad

250 1882 423 1972 impostor
446 1880 552 1950 titulo
578 1878 730 1967 Medici,
764 1897 798 1954 et
819 1883 908 1954 sicut
930 1879 1057 1954 Arium
1082 1883 1241 1970 extinxit,
1291 1893 1497 1970 inhonestas
1512 1895 1745 1990 profusiones,
1794 1893 1895 1966 Dono
1915 1909 2075 1966 motuum
2094 1899 2280 1988 caprano.

251 1981 310 2061 mil
332 1981 430 2050 vellii.
451 1977 561 2051 Iudae
583 1983 700 2054 subito
725 1983 881 2054 cruciatu
911 1987 1020 2056 effusa
1041 2000 1123 2056 suni
1152 1999 1241 2056 exid-
1292 2024 1411 2086 crum,
1444 2013 1478 2070 et
1493 1999 1648 2092 postulat
1660 2021 1796 2074 usuras,
1838 1995 1933 2068 Haec
1950 1999 2124 2070 mutuatio
2142 2024 2215 2068 non
2231 2015 2281 2068 est

252 2081 305 2152 Ac
319 2081 471 2152 subinde
487 2083 542 2182 ael
557 2083 664 2152 iidem
683 2109 819 2156 errores
835 2089 1073 2180 repullulant,
1107 2089 1163 2157 vel
1179 2087 1240 2157 alii
1292 2101 1468 2184 officium,
1492 2103 1553 2172 sod
1569 2103 1740 2198 quaedam
1761 2099 1876 2192 tor-pio
1890 2100 2101 2190 negotiatio,
2125 2101 2279 2171 dissimi-

251 2185 435 2269 ⁰fl¹¹⁰lt¹fs
477 2198 518 2256 Ul
539 2185 646 2256 ”imit
672 2211 752 2258 vete
773 2189 906 2260 (litium
933 2203 985 2262 etl
1011 2191 1049 2259 lss
1075 2189 1242 2261 Tlm⁰¹¹l⁵
1292 2201 1337 2272 lis
1357 2227 1460 2274 verae
1482 2202 1716 2288 mutuationi,
1756 2213 1790 2272 et
1813 2201 1859 2272 ab
1883 2203 2010 2272 ordine
2036 2217 2279 2272 contractuum

252 2308 355 2354 verbu
365 2311 373 2354 t

264 2451 282 2462 ··
382 2417 482 2481 werra
504 2413 523 2498 η’
545 2418 743 2504 stporbioeyoe
763 2415 825 2504 ἶρις
847 2419 948 2486 κενεὸν
970 2423 1123 2486 λελακυῖα.

336 2551 530 2622 Marcionis
548 2555 645 2624 virus
662 2571 778 2626 ortum
794 2571 846 2628 est
861 2572 1016 2649 tempore
1031 2558 1146 2632 Marci
1164 2555 1240 2630 Au-

252 2654 378 2726 tonini.
409 2652 447 2723 ld
467 2677 585 2724 semen
603 2658 670 2726 suit
687 2659 801 2727 delirii
814 2657 1120 2746 Manichaeorum,
1144 2665 1238 2756 quod

253 2771 375 2826 natum
407 2755 447 2824 in
470 2754 633 2840 Perside,
666 2761 825 2851 contagia
856 2763 983 2854 sparsit
1013 2763 1052 2833 in
1073 2763 1242 2850 Africam,

252 2881 341 2953 qtrae
373 2857 425 2926 ibi
459 2853 577 2928 adhuc
602 2857 794 2952 Augustini
829 2877 986 2956 ternpore
1012 2867 1239 2956 vagabantur.

252 2961 347 3030 Sunt
360 2974 479 3029 autem
496 2985 515 3028 a
531 2959 655 3032 Marco
673 2959 858 3036 Antonino
875 2969 919 3036 ad
935 2964 1125 3056 Augustini
1142 2993 1238 3038 mor-

1293 2307 1471 2380 recedens.
1504 2303 1598 2396 Quia
1612 2329 1741 2376 usurae
1756 2317 1839 2376 sunt
1852 2317 1975 2375 contra
1992 2317 2168 2374 naturam.
2193 2303 2280 2373 Tol-

1293 2407 1374 2480 lunt
1395 2403 1771 2503 enim'aequalitatem,
1794 2419 1828 2476 et
1844 2399 2059 2478 exhauriunt
2074 2431 2183 2476 uuam
2200 2430 2279 2496 par-

1292 2523 1375 2581 tem.
1440 2507 1565 2582 Pectat
1593 2522 1709 2580 autern
1741 2509 1830 2578 dans
1859 2519 2005 2590 mutuo,
2049 2507 2140 2578 sicut
2171 2533 2278 2599 caupo

1292 2611 1383 2682 lucri
1406 2607 1531 2681 iniusti
1546 2634 1665 2682 caussa
1689 2611 1861 2704 praebens
1877 2603 2070 2702 hospitium
2092 2609 2278 2680 lenonibus

1292 2725 1328 2784 et
1350 2712 1495 2798 scortis,
1527 2726 1562 2784 et
1582 2725 1700 2805 peccat
1721 2712 1884 2804 insuper,
1917 2713 2014 2808 quod
2036 2711 2123 2808 petit
2148 2735 2279 2794 usuras,

1291 2837 1382 2910 quae
1397 2825 1480 2886 sunt
1494 2814 1608 2908 reipsa
1622 2815 1794 2912 quaedam
1811 2813 1916 2886 furta.

1393 2967 1515 3040 Tertia
1531 2969 1663 3060 species
1677 2975 1745 3050 cst,
1767 2979 1893 3037 mutuo
1912 2967 1997 3036 dare
2013 2966 2219 3057 negotianti,
2242 2981 2275 3038 et

253 3075 323 3130 tern
349 3061 434 3129 anni
469 3061 541 3131 sere
568 3067 724 3136 trecenti.
783 3067 945 3138 Tandem
977 3094 1060 3140 vero
1088 3071 1238 3140 extincta
1292 3083 1475 3166 quaestum
1500 3071 1654 3144 facienti.
1706 3067 1803 3140 Haec
1820 3069 1994 3140 mutuatio
2011 3069 2275 3140 estusitatain-

252 3175 354 3242 suut,
388 3175 427 3232 nt
449 3165 591 3232 taudem
615 3169 791 3240 evanescit
813 3171 1056 3252 mendacium,
1088 3173 1153 3242 etsi
1171 3173 1239 3242 alia
1291 3187 1345 3244 ter
1365 3184 1603 3245 mercatores.¹
1639 3169 1707 3242 Hic
1732 3171 1930 3266 quaeritur,
1955 3195 2001 3240 an
2020 3171 2157 3264 aliquid
2180 3171 2276 3238 liceat

252 3264 404 3334 subinde
424 3279 627 3340 nascuntur.
680 3269 805 3340 Servat
827 3287 944 3343 autern
968 3273 1062 3345 filius
1083 3271 1151 3343 Dei
1173 3274 1240 3343 ali·
1291 3286 1409 3367 petere
1438 3295 1544 3366 supra
1575 3287 1716 3347 sortem.
1768 3271 1938 3344 Doctores
1966 3271 2135 3342 dixerunt
2158 3273 2201 3340 de
2227 3296 2276 3352 co,

252 3387 339 3458 quas
367 3389 467 3434 verae
489 3363 666 3436 Ecclesiae
689 3371 877 3464 reliquias,
917 3385 951 3443 et
972 3389 1083 3464 gestat
1111 3375 1149 3445 iu
1178 3399 1239 3445 sua
1291 3377 1386 3470 quod
1412 3375 1576 3462 interest,
1602 3389 1637 3444 ει
1660 3369 1768 3445 habet
1790 3368 1875 3443 haec
1896 3373 2070 3462 sententia
2097 3373 2221 3442 iustam
2244 3387 2276 3442 et

252 3471 386 3549 dextra,
412 3481 451 3537 ut
467 3469 594 3562 inquit,
618 3465 738 3543 Nemo
754 3473 869 3568 rapiet
885 3497 965 3544 oves
979 3499 1080 3546 uaeas
1097 3499 1144 3546 ex
1158 3501 1240 3546 ma-
1291 3477 1511 3570 probabiletn
1527 3477 1716 3562 rationem,
1741 3475 1824 3570 quia
1841 3499 1946 3544 uento
1960 3475 2158 3546 debetcum
2175 3473 2276 3544 detri-

253 3566 363 3637 nibas
397 3567 498 3643 meis.
553 3569 654 3644 lubet
685 3575 790 3644 etiam
825 3576 983 3666 singulos
1016 3577 1149 3649 interea
1183 3603 1240 3650 re·
1291 3591 1412 3650 rnento
1427 3579 1572 3650 alterius
1586 3577 1806 3670 locupletari.
1858 3575 1896 3650 Si
1912 3591 2084 3646 mercator
2101 3577 2275 3668 negotians

252 3693 408 3762 pugnare
425 3673 616 3756 erroribus,
643 3689 675 3746 et
692 3691 783 3746 recte
799 3679 912 3748 iacere
924 3680 1090 3765 osticium,
1115 3681 1240 3752 etiam-
1292 3683 1354 3752 dat
1371 3695 1494 3752 mutuo
1511 3681 1588 3752 200
1604 3703 1729 3751 aureos
1746 3677 1847 3750 alteri
1868 3679 2052 3748 mercatori
2077 3677 2276 3768 negotianti,

251 3772 280 3840 si
300 3768 466 3842 humanis
486 3776 661 3855 consiliis.
688 3791 722 3848 et
738 3779 937 3866 laboribus,
960 3805 1076 3876 neque
1092 3786 1239 3854 menda·
1293 3807 1373 3854 cum
1389 3783 1525 3853 esset'et
1543 3782 1617 3874 ipse
1641 3805 1769 3853 usurus
1785 3805 1846 3852 sua
1869 3779 2014 3872 pecunia
2034 3779 2073 3848 in
2090 3804 2154 3850 sua
2176 3803 2275 3868 nego·

253 3873 315 3956 cia,
336 3897 451 3967 nequo
464 3875 608 3946 dissidia
622 3879 741 3948 omnia
759 3881 795 3949 in
812 3875 876 3951 hac
892 3885 1017 3952 muudi
1032 3885 1241 3954 confusione
1291 3885 1457 3956 tiatione:
1484 3907 1636 3978 aequum
1651 3897 1701 3954 est
1716 3897 1750 3956 et
1764 3881 1886 3952 sarciri
1895 3935 1905 3966 ,
1931 3893 1965 3950 et
1980 3881 2200 3973 compensari
2214 3875 2275 3948 hoc

251 3975 330 4044 tolli
354 3989 513 4068 possunt.
573 3976 645 4048 Nec
671 3995 788 4052 tamen
810 4005 954 4075 prorsus
977 3999 1081 4056 crtrnt
1100 3985 1241 4057 inutilia
1293 3985 1571 4059 incommodum.
1610 3985 1646 4055 ld
1666 3997 1792 4056 vortant
1812 3981 1982 4054 lntcresse
1998 3983 2088 4052 lucri
2103 3982 2274 4054 cessantis.

252 4077 394 4168 piorum
413 4079 619 4152 certamina.
1294 4086 1411 4159 Potest
1428 4087 1536 4176 igitur
1549 4099 1667 4180 petere
1689 4083 1964 4170 hoc·lnteresse,
1994 4086 2054 4155 sed
2078 4084 2124 4156 sit
2146 4087 2275 4166 modus,

1294 4203 1327 4259 et
1342 4214 1414 4258 non
1434 4191 1479 4260 sit
1494 4189 1655 4280 captatio.
1706 4187 1744 4260 Si
1762 4188 1798 4256 iu
1818 4187 1879 4258 tali
1903 4209 1983 4256 casu
2002 4201 2162 4258 servetur
2175 4187 2273 4280 quin-

909 4331 1241 4348 ------——-
1295 4315 1363 4384 que
1380 4294 1424 4360 de
1446 4303 1606 4374 centum,
1637 4315 1711 4360 uon
1725 4289 1852 4360 vellem
1875 4290 2044 4358 damnare
2063 4289 2170 4357 talem
2194 4311 2272 4356 con-

1294 4406 1456 4476 tractum,
1479 4405 1513 4460 ει
1530 4393 1609 4462 ideo
1627 4418 1707 4462 cum
1722 4389 1867 4460 concedi
1884 4403 1969 4480 puto
1983 4415 2002 4460 a
2017 4387 2273 4470 Panormitano,

1131 4504 1163 4566 lt.
1187 4527 1214 4568 e.
1295 4491 1494 4577 Hosticusi,
1526 4507 1561 4564 et
1592 4494 1672 4562 aliis
1704 4492 2004 4584 negotiatoribus,
2037 4515 2210 4584 quorum,
2240 4501 2272 4560 ut

1111 4595 1242 4623 Μ’
1294 4595 1360 4689 ipsi
1382 4597 1596 4690 loquuntur,
1619 4595 1801 4668 facultates
1814 4608 1897 4666 sunt
1914 4593 1954 4662 in
1968 4593 2131 4685 pecunia.

484 4683 584 4796 (De
613 4697 1012 4807 mutuationibus.)

319 4861 388 4920 net.
407 4861 515 4920 conat.
533 4863 580 4922 ta.
597 4867 629 4921 e.
645 4868 678 4928 u.
696 4883 725 4940 p.
737 4871 792 4926 sss
805 4890 864 4944 m·

254 4323 363 4335 -n—-n

260 4481 326 4557 No.
344 4483 460 4558 6902.

257 4580 468 4618 Μ

1396 4743 1521 4814 Valeat
1545 4767 1626 4834 ergo
1650 4741 1710 4815 hic
1735 4743 1873 4835 regula:
1910 4735 2165 4835 Evangelium
2191 4739 2272 4814 sinit

1293 4869 1361 4916 nos
1379 4843 1437 4916 uti
1455 4843 1620 4942 politicis
1638 4843 1799 4942 legibus,
1832 4865 1905 4913 non
1925 4841 2186 4942 pugnantibus
2205 4865 2271 4915 eura

1293 4943 1466 5017 natarali
1481 4949 1676 5044 aequitate.
1727 4947 1802 5019 Cur
1816 4946 1911 5016 enim
1926 4947 2018 5015 alius
2034 4946 2175 5016 lucrum
2190 4949 2270 5018 lace-

1292 5065 1363 5136 ret,
1393 5053 1438 5120 de
1461 5073 1521 5133 co,
1553 5077 1625 5144 quo
1649 5045 1737 5120 milti
1760 5050 1798 5120 in
1827 5071 1904 5118 mea
1928 5047 2172 5138 negotiatione
2195 5067 2269 5142 opus

1290 5164 1375 5226 erat.
1424 5149 1495 5223 Sed
1510 5151 1554 5222 sit
1573 5155 1721 5238 modus,
1747 5165 1786 5222 ut
1804 5150 1890 5226 dixi.

544 5033 605 5106 De
631 5041 938 5121 mutuationibus.

248 5173 400 5276 Triplex
417 5201 469 5256 est
481 5189 668 5258 mutuatio.
723 5189 799 5262 Una
817 5207 868 5264 est
881 5195 1056 5278 officiosa,
1083 5223 1162 5270 cum
1182 5226 1238 5272 re-

246 5309 328 5354 vera
354 5289 466 5374 egenti
484 5288 659 5380 quispiam
686 5293 747 5359 dat
764 5309 888 5363 mutuo
912 5299 1123 5370 mediocrem
1140 5325 1237 5372 suru-
1391 5301 1434 5374 lu
1448 5301 1591 5390 Belgico
1617 5307 1776 5388 decreto,
1809 5304 1905 5396 quod
1930 5297 2053 5370 anteb
2078 5315 2266 5371 annossta-

246 5409 360 5470 ωιτη,
399 5411 467 5479 qua
496 5389 575 5456 sine
598 5390 810 5464 detrimento
835 5397 1093 5494 aliquantisper
1116 5427 1234 5478 cerere
1287 5419 1405 5476 tutum
1421 5419 1482 5491 est,
1508 5406 1660 5475 nimium
1677 5403 1884 5476 conceditur
1895 5403 2192 5490 foeneratoribus,
2215 5399 2264 5473 uti
