4688 5816
77 249 147 328 505

633 248 1072 328 EPISTOLARUM
1122 254 1230 335 utu.
1275 255 1374 336 xtt.
1425 253 1559 336 1555.

2027 257 2104 330 508

77 421 216 490 summis
240 419 451 508 virtutibus,
484 423 631 496 veritate
654 437 688 494 et
714 424 865 496 iusticia.
925 421 1063 496 Veritas
1112 453 1191 500 sum
1216 429 1467 506 discedentem.
1527 425 1695 524 Optat-im
1725 430 1801 501 eius
1831 431 2100 522 pronunciatio·

73 523 199 592 latetur
211 525 306 592 uude
322 525 516 617 proiectum
532 525 577 598 sit
594 525 819 598 beneficium:
840 525 979 596 iusticia
994 527 1060 595 ob-

73 623 151 714 ligat
163 637 285 696 mutua
301 627 428 701 officia.
482 625 640 722 Vultque
655 625 752 698 Deus
768 627 919 718 intelligi
947 628 1058 719 grati-

73 725 244 814 tudinem,
286 740 329 800 ut
359 726 477 820 ipsum
517 751 749 820 agnoscamus
787 743 948 802 autorem
981 751 1055 800 esse

74 826 227 896 omnium
247 827 424 900 bonarum
445 853 583 917 renum,
610 846 643 902 et
663 832 817 902 vicissim
837 845 1054 924 praestemus

72 927 100 998 ei
115 928 363 1001 obedientiam.
413 930 535 1021 Quare
548 933 638 1022 grati
656 925 818 1002 homines
835 935 939 1004 laude
954 932 1054 1020 digni

73 1042 159 1104 sunt.
209 1027 301 1102 Cum
317 1033 427 1124 igitur
442 1027 501 1102 hic
514 1034 680 1126 magister
694 1028 1054 1104 IoannesPotticlrer

73 1143 163 1220 grata
182 1135 517 1206 commemoratione
538 1149 598 1208 tua
613 1158 693 1227 erga
716 1159 753 1207 se
767 1136 935 1207 beneficio
951 1159 1052 1227 prae-

73 1232 174 1316 dicet,
206 1257 330 1306 rursus
350 1261 432 1307 eum
454 1237 521 1308 tibi
543 1239 771 1324 commendo,
798 1251 834 1309 et
855 1251 894 1308 ut
913 1251 1051 1327 gratum

73 1329 267 1422 hominem,
292 1349 326 1408 et
340 1353 380 1410 ut
395 1339 606 1410 servientem
622 1339 760 1410 utiliter
775 1339 903 1411 studiis
925 1341 1051 1410 iuven-

72 1435 161 1511 tutis.
210 1435 389 1532 Scriptum
405 1434 721 1536 Norinbergense,
742 1453 782 1512 nt
804 1442 870 1513 scit
886 1442 1053 1530 magister

73 1531 247 1626 loannes,
280 1555 332 1614 est
363 1541 402 1612 in
438 1542 578 1614 officina
610 1537 879 1637 typographica:
914 1543 1050 1614 mittam

72 1639 329 1732 quamprimum
361 1642 471 1716 luerit
502 1645 649 1716 editum.
708 1641 805 1714 Bene
836 1643 923 1718 vale.
982 1639 1052 1712 Die

71 1741 199 1810 decimo
213 1737 444 1831 Novembris,
468 1770 540 1839 quo
555 1747 614 1817 die
633 1741 743 1820 1485.
757 1741 954 1816 Martinus
969 1737 1051 1814 Lu-

71 1833 187 1910 tlterus
200 1857 307 1915 natus
320 1861 389 1933 est,
414 1845 515 1917 cuius
532 1871 616 1919 voce
631 1848 747 1919 lucem
756 1844 944 1938 Evangelii
958 1847 1053 1916 filius

70 1939 131 2012 Dei
145 1939 323 2018 Ecclesiae
338 1949 508 2020 restituit:
535 1974 601 2043 pro
623 1973 664 2018 eo
687 1949 858 2020 beneficio
878 1951 1051 2018 immenso

71 2044 152 2214 lg'pati
172 2041 289 2118 Deum
321 2063 354 2122 et
378 2049 576 2121 Dominum
602 2049 718 2122 lesum
743 2045 925 2124 Christum
960 2051 1052 2122 cele-

94 2169 216 2218 remus.

568 2297 759 2400 Philippus
775 2301 1002 2380 Melanthon·

73 2511 1052 2546 *unu—naum..—

71 2655 130 2732 No.
144 2653 257 2732 6568.
889 2681 948 2744 ts.
971 2673 1052 2745 Nor.

78 2759 237 2796 erm

877 2766 1036 2806 Qu

413 2863 703 2978 &mbffln

130 3025 402 3176 E’piifffil'issli,
417 3035 480 3092 cod.
498 3037 570 3095 Seid.
582 3037 685 3096 Drssd.
703 3040 772 3096 edita
791 3041 819 3095 in
838 3041 1054 3112 Wegsctaer'deri

68 3265 272 3346 Reverendo
294 3275 372 3349 viro
396 3275 600 3351 eruditione
623 3292 656 3352 et
683 3241 826 3353 virtute
840 3287 1053 3380 praestanti

69 3369 117 3449 D.
138 3369 490 3478 Christopltoro
514 3377 688 3480 Libya,
715 3379 870 3455 Pastori
881 3384 1049 3459 ecclesiae

69 3470 139 3546 Dei
161 3479 202 3550 in
228 3477 371 3578 inclyta
397 3477 545 3604 Brenni
567 3509 669 3572 arce,
687 3485 817 3588 Jratri
838 3511 907 3559 sao
930 3489 1048 3560 earis-

501 3611 606 3664 Simo·

69 3710 110 3803 S.
132 3727 175 3804 Ι).
233 3729 444 3806 Reverendo
477 3739 592 3810 viret
624 3741 743 3816 cariss.
772 3741 890 3812 irater.
950 3740 1047 3814 Scri-

69 3843 157 3918 ptum
170 3835 216 3903 de
231 3839 468 3909 controversia
482 3833 715 3936 Noribergae
732 3845 941 3915 docentibus
962 3869 1046 3937 pro-

69 3935 258 4021 posuimus,
308 3939 366 4009 cui
398 3943 682 4035 subscripserunt
715 3969 857 4030 omues,
908 3963 1046 4037 praeter

70 4033 165 4123 duos,
188 4037 254 4132 qui
268 4039 480 4114 abdicarunt
493 4069 625 4116 munus
642 4039 852 4137 docendi*).
887 4045 1045 4118 Alterius

69 4147 154 4206 tanta
169 4153 220 4210 est
236 4139 374 4214 inscitia
391 4157 425 4214 et
441 4148 598 4232 audacia,
608 4160 648 4217 ut
663 4149 752 4217 solet
760 4144 933 4241 ἀμαθίας
942 4145 1043 4246 θρά-

72 4256 125 4317 aas
139 4233 434 4340 ἀπεργάζεσθαι,
458 4261 499 4319 ut
517 4248 651 4320 diceret
666 4243 848 4320 Christum
871 4274 936 4341 per
953 4253 1044 4322 acci·

69 4336 146 4409 dens
160 4341 357 4418 iustificare.
391 4345 496 4418 Nunc
512 4373 596 4420 vero
612 4344 669 4420 his
683 4352 827 4424 remotis
843 4375 862 4422 a
880 4352 1042 4426 ministe-

70 4438 116 4508 rio
140 4468 210 4515 una
232 4459 284 4516 est
306 4445 365 4516 dei
387 4449 556 4522 beneficio
580 4453 659 4521 viva
682 4469 715 4526 et
731 4454 955 4525 consentiens
974 4477 1042 4526 vox

70 4543 218 4614 omnium
257 4547 459 4620 docentium
510 4553 549 4620 in
593 4555 737 4624 eeclesia
777 4553 1041 4644 Noribergensi.

47 4673 54 4740 ς,
68 4634 225 4738 Exempla
239 4648 361 4740 scripti
377 4653 491 4722 nostri
513 4655 662 4728 mittam.
714 4654 818 4726 Nunc
839 4657 935 4725 euim
951 4661 1041 4726 duae

68 4746 203 4834 paginae
223 4750 261 4818 in
286 4751 426 4822 officina
451 4749 703 4848 typographica
733 4758 915 4828 absolutae
947 4771 1040 4833 sunt.

68 4841 167 4934 δρετο
189 4852 295 4922 etiam
322 4855 446 4926 ceteris
467 4853 635 4926 Ecclesiis
654 4853 746 4927 hanc
769 4859 1039 4950 explicationem

69 4949 278 5034 profuturam
290 4976 376 5030 esse.
426 4953 626 5045 Diaconum,
642 4983 747 5052 quem
763 4961 932 5048 vocastis,
949 4956 1040 5030 mihi

67 5059 161 5118 notus
184 5067 254 5138 eat,
286 5077 388 5146 spero
411 5060 609 5131 modestum
630 5062 707 5130 sore
740 5075 775 5131 et
799 5063 871 5132 tuis
892 5063 1040 5134 monitis

67 5147 376 5246 obtemperaturum
403 5181 495 5242 esse,
530 5165 627 5256 quod
653 5178 694 5236 ut
725 5163 845 5248 iaciat,
878 5160 1039 5237 hortatus

65 5313 249 5338 'm

93 5407 119 5478 ⁸)
135 5409 167 5468 lii
179 5410 290 5474 imant
302 5415 408 5474 Leoub.
423 5417 595 5478 coturnos
608 5433 634 5479 et
650 5421 712 5494 lob,
727 5421 867 5486 Vetterur·
894 5511 897 5518 .

1112 555 1194 602 nem
1209 533 1442 604 concionibus
1458 533 1629 624 aptiorem
1645 555 1729 604 esse.
1779 530 1851 602 Sed
1866 533 2024 603 fortassis
2041 535 2098 600 di-

1109 634 1254 724 ligentia
1269 636 1447 706 moderari
1465 657 1541 706 eam
1557 634 1688 726 poterit
1696 626 1746 726 ¹⁸).
1796 630 1873 702 Hae
1888 633 1933 703 de
1953 657 1992 704 re
2006 629 2097 702 mihi

1108 737 1247 811 scribes.
1281 735 1482 810 Benevola.
1515 733 1881 810 Die13.Novembris.
1909 731 2097 830 (3.1555.)

1108 835 1214 909 Plura
1231 863 1326 910 nunc
1342 840 1496 911 scribere
1512 862 1585 908 non
1600 837 1713 930 potui.

1847 965 2046 1061 Philippus.

1940 1393 1995 1458 ts.
2014 1383 2095 1452 Nor.

1877 1504 1879 1508 .
1917 1473 2089 1508 Μ

1115 1385 1186 1460 No.
1200 1383 1316 1462 5869.

1110 1485 1322 1524 m

1412 1579 1783 1703 hawmfflm

1174 1763 1821 1844 †mmmwmmmnmn

1104 1919 1284 1996 Ioanni
1314 1915 1581 2022 Aarisabro
1618 1915 1685 2016 (in
1720 1907 1836 1991 Acad.
1866 1905 2094 2010 Regiomon-

1542 2015 1665 2118 tana).

1106 2157 1154 2246 S.
1179 2173 1224 2250 D·
1282 2173 1492 2250 Reverendo
1517 2175 1573 2245 vir
1592 2187 1628 2246 et
1647 2172 1825 2244 carissime
1845 2172 1963 2243 irater.
2021 2165 2092 2240 lte-

1105 2298 1186 2348 rum
1209 2278 1402 2350 mittuntur
1421 2278 1544 2348 literae
1566 2277 1698 2347 ducum
1724 2271 1899 2346 Saroniae
1926 2273 1971 2342 ad
2004 2267 2094 2341 Illu-

1106 2380 1317 2451 strissimum
1350 2381 1476 2449 ducem
1499 2376 1662 2448 Prussiae
1694 2373 1962 2458 de.benelicio,
1995 2374 2093 2464 quod

1105 2478 1272 2553 Erasmo
1289 2473 1506 2552 Reinholdo
1530 2491 1673 2571 propter
1694 2475 1877 2548 doctrinae
1897 2468 2094 2544 mathema·

1105 2595 1182 2657 tum
1202 2583 1491 2678 propagationem
1513 2581 1702 2652 clementer
1725 2576 1898 2670 promisit.
1950 2574 2033 2647 Scio
2059 2589 2094 2642 te

1106 2703 1142 2760 et
1164 2687 1348 2759 doctrinae
1369 2707 1480 2776 genus
1503 2707 1638 2767 amare,
1664 2695 1698 2751 et
1721 2681 1874 2751 libenter
1888 2679 2093 2750 benefacere

1105 2789 1211 2860 amici
1231 2789 1360 2862 veteris
1384 2781 1566 2878 orphanis.
1619 2781 1740 2874 Quare
1763 2796 1797 2852 te
1819 2803 1904 2866 oro,
1930 2793 1970 2850 ut
1986 2779 2093 2848 anni-

1104 2892 1209 2977 taris,
1233 2906 1275 2962 ut
1288 2888 1425 2984 aliquid
1442 2889 1658 2979 impetretur.
1711 2879 1872 2955 Obsecro
1884 2897 1929 2964 te,
1955 2896 1996 2952 ut
2011 2904 2093 2972 per-

1103 2993 1219 3077 ficias,
1244 3007 1285 3064 ut
1297 2991 1439 3063 nostrae
1455 2989 1631 3060 amicitiae
1645 2987 1748 3058 etiam
1766 2979 1832 3054 bac
1847 2985 1885 3052 in
1899 3005 1938 3052 re
1947 2981 2092 3076 aliquid

1103 3095 1270 3166 tribuisse
1299 3107 1333 3165 te
1362 3090 1569 3180 intelligam.
1626 3087 1708 3160 Nou
1730 3087 1825 3156 euim
1847 3083 2010 3155 existimo
2033 3107 2092 3154 ex-

1103 3198 1249 3268 tinctam
1272 3219 1347 3268 esse
1372 3191 1657 3265 benevolentiam
1677 3212 1758 3279 erga
1780 3201 1963 3260 metuam.
2013 3179 2091 3275 Ego

1103 3313 1196 3371 certe
1211 3321 1348 3392 semper
1363 3294 1619 3389 ἇνυποκριτῶς
1641 3305 1675 3364 te
1690 3289 1799 3362 dilexi
1816 3301 1852 3358 et
1876 3282 1993 3360 adhuc
2006 3287 2091 3358 dili-

1101 3423 1158 3490 go.
1209 3398 1308 3474 Bene
1334 3414 1369 3473 et
1393 3398 1544 3472 feliciter
1570 3395 1657 3466 vale.
1707 3391 1775 3465 Die
1802 3391 1860 3465 ta.
1877 3387 2090 3461 Novembris

1103 3498 1214 3580 1555.

1742 3605 1837 3683 Phil.
1860 3603 2040 3681 Melan'th.

1108 3863 1471 3882 Μ’·

1110 4029 1178 4104 Νο.
1194 4025 1308 4102 5870.

1099 4127 1322 4160 m

1445 4233 1733 4352 mamma

1166 4425 1244 4482 Edita
1258 4446 1288 4482 er
1303 4419 1469 4494 autographo
1482 4435 1497 4472 a
1510 4416 1604 4472 Fadro
1617 4413 1646 4466 in
1661 4410 1782 4484 epistolia
1795 4425 1822 4480 p.
1834 4405 1889 4464 ibi
1900 4425 1941 4481 tq.
1955 4405 2006 4478 Ep.
2024 4405 2051 4462 5.

1127 4642 1515 4782 ‘’tttzttttt'cttt
1532 4636 2086 4778 autur·creatuturas

1161 4789 1356 4849 Demosthenis
1368 4783 1524 4864 exemplum
1538 4791 1680 4864 requenter
1694 4776 1809 4862 possjtflt
1822 4786 1848 4829 ΕΙ
1863 4774 2000 4844 melm
2020 4772 2084 4827 ²¹⁰·

1164 4863 1212 4934 qui
1233 4870 1261 4916 et
1280 4861 1350 4915 bene
1371 4868 1555 4928 pronunciare
1573 4869 1602 4904 m
1623 4844 1804 4926 conepombur
1825 4851 2025 4922 consuescant..
2049 4843 2083 4924 lit

1161 4926 1334 4988 Melantboui
1374 4941 1457 4982 uero.
1481 4931 1548 4976 teste
1564 4919 1731 4994 Camerartp·
1742 4909 1805 4983 (Ep.
1817 4911 1872 4980 8.),
1889 4921 2083 4984 pronuncratro

1164 5011 1224 5057 erat
1245 4945 1373 5054 nonnibti
1394 4990 1562 5053 balbutienr;
1586 4985 1660 5060 quod
1681 4991 1780 5061 riuum
1799 4989 1892 5062 umen
1916 4979 2081 5059 procedente

1162 5079 1247 5126 aetate
1268 5063 1418 5122 attentione
1438 5071 1465 5114 et
1480 5075 1546 5114 eura
1563 5053 1604 5109 rie
1621 5047 1790 5117 emendant,
1815 5057 1846 5103 nt
1865 5065 1906 5102 cru
1924 5059 2089 5106 tenutestma

1159 5139 1233 5194 illius
1248 5133 1375 5204 vestigia,
1394 5127 1475 5183 rerba
1487 5123 1645 5198 praesertim
1662 5137 1695 5174 eo
1713 5127 1837 5173 accurate
1848 5116 1977 5182 iaciente,
1995 5133 2081 5186 appa-

1159 5216 1251 5266 rerent
1265 5215 1348 5278 atque
1360 5194 1637 5272 deprehenderentur.
1673 5190 1761 5258 [ltota¹
1773 5189 1909 5257 Νησώ]
