4712 5828
65 239 141 316 646
634 233 1071 370 tatasonaaunt

65 435 219 506 quaeso,
245 425 286 484 ut
302 411 493 503 significes.
517 435 564 485 en
581 412 801 486 existimetur
813 411 890 484 iore
904 404 1058 510 ἀγαθὸν

67 511 234 608 ἢπῆμα,
259 517 305 586 ut'
323 515 451 586 veteris
466 515 601 589 cuculi
616 515 734 588 verbis
751 530 852 600 utar,
881 513 979 607 quod
992 513 1058 584 etsi

64 632 168 688 autea
190 641 247 688 me
273 618 312 686 in
335 619 490 711 quadam
515 617 663 710 epistola
687 618 755 691 tibi
778 617 942 690 recitasse
958 630 1058 707 puto,

63 733 186 790 tamen
204 732 240 789 et
254 713 314 792 hic
328 720 540 790 adscribam.
581 717 715 794 Extant
730 721 770 790 in
784 712 949 790 Achaicis
963 715 1058 786 Pau·

63 821 184 890 saniae
210 843 288 912 pag.
305 820 390 898 166.
412 815 451 890 bi
468 845 591 892 versus
609 819 769 915 Sibyllae
785 823 829 894 de
846 818 1058 892 Macedoui-

65 924 114 992 cis
129 923 289 1013 regibus:

149 1052 318 1138 uriyoirrtc
337 1043 501 1133 fluorisl'ior
521 1049 712 1136 Μακηδόνες
730 1045 943 1138 Ἀργεάδῃσιν,

147 1135 227 1220 ὑμῖν
248 1137 415 1221 κοιρανέων
436 1137 561 1223 ἀγαθὸν
581 1141 633 1204 ael
654 1145 743 1218 πῆμα
767 1138 930 1212 Φίλιππος.

147 1220 222 1304 ἤτοι
250 1219 266 1288 6
288 1223 347 1304 μὲν
369 1219 518 1308 πρότερος
538 1219 663 1290 πόλισιν
683 1221 834 1288 iaoioir'
857 1221 997 1298 ἄνακτας

147 1303 259 1392 θήσει·
286 1303 303 1373 6
326 1306 360 1372 ‹l’
384 1305 553 1392 ὁπλότερος
574 1308 666 1392 τιμὴν
687 1307 750 1374 ἀπὸ
773 1313 878 1372 πᾶσαν
900 1306 1029 1386 ὀλέσσει,

147 1393 283 1476 δμηθεὶς
305 1389 489 1480 ἑσπερίοισιν
509 1389 560 1457 ὑπ’
584 1391 734 1480 ἀνδράσιν
756 1386 852 1481 ἠῴοις
871 1417 904 1458 το
917 1393 964 1477 ¹).

63 1515 260 1586 Pausanias
273 1515 525 1608 interpretatur
538 1530 756 1609 postremum
771 1539 912 1588 versum
920 1514 1058 1608 Hespe·
1078 1607 1079 1611 Ἰ

63 1641 121 1687 ros
137 1614 344 1700 Romanos,
377 1615 473 1690 Eoos
488 1613 662 1694 Attalum.
714 1617 768 1692 Ac
789 1619 946 1712 prolecto
971 1612 1057 1690 huic

63 1719 255 1812 posteriori
270 1713 439 1812 Philippo
460 1744 535 1790 non
551 1721 692 1812 ignavia
707 1723 769 1792 sed
785 1721 974 1792 crudelitas
990 1722 1057 1792 do-

63 1823 209 1892 mestica
232 1821 377 1892 exitium
401 1821 531 1894 attulit.
596 1819 709 1894 Attali
732 1823 802 1894 fuit
827 1822 999 1914 sapientia
1021 1835 1057 1894 et

63 1922 264 1994 moderatio
294 1947 367 1992 non
392 1923 566 2014 vulgaris,
608 1949 714 2019 quem
733 1925 854 1994 iudico
875 1921 1054 1996 Henetum

64 2025 193 2112 luisse,
227 2025 311 2118 quia
332 2023 486 2120 Mysiain
510 2027 636 2100 tenuit.
688 2024 788 2116 Quid
812 2021 897 2099 baec
920 2027 959 2096 in
979 2027 1055 2118 epi-

64 2127 172 2212 stola,
200 2127 367 2221 inquies?
402 2125 546 2211 Scribo,
571 2129 661 2198 acsi
686 2151 803 2200 coram
823 2141 936 2202 tecum
949 2129 1055 2200 fabu-

64 2229 156 2298 larcr
180 2229 226 2298 de
244 2229 466 2324 antiquitate.
516 2227 608 2300 Nam
621 2231 778 2324 prolecto
794 2252 868 2300 non
885 2230 962 2300 sine
977 2253 1053 2298 ma-

65 2353 133 2419 gno
157 2331 284 2400 dolore
304 2333 350 2402 dc
365 2331 604 2423 praesentium
619 2346 818 2424 temporum
834 2330 1055 2402 contusioni-

65 2433 129 2502 bus
154 2433 291 2522 cogito,
323 2435 368 2502 dc
385 2457 536 2526 quarum
552 2433 665 2504 causis
678 2459 752 2506 non
769 2447 884 2525 potest
900 2433 1056 2504 breviter

66 2533 172 2602 scribi
194 2547 256 2604 aut
278 2533 361 2607 dici.
414 2533 468 2605 Te
490 2560 575 2617 oro,
602 2549 643 2606 ut
659 2559 761 2629 saepe
777 2538 894 2606 adme
910 2535 1053 2609 scribas.

65 2633 174 2706 Mitto
202 2635 270 2708 tibi
289 2627 460 2706 Loticbii
489 2639 663 2722 carmina,
705 2641 793 2710 boni
816 2637 887 2707 viri
909 2650 944 2708 et
966 2633 1054 2708 boni

66 2743 200 2826 poc'tae.
265 2736 423 2808 Salutem
457 2752 542 2830 opto
575 2736 620 2812 D.
650 2736 855 2811 Valentino
886 2751 921 2812 et
953 2739 1054 2810 vobis

66 2841 243 2914 omnibus.
294 2835 392 2910 Bene
410 2841 497 2912 vale.
549 2837 617 2910 Dic
634 2838 672 2914 6.
690 2843 870 2936 Septemb.
908 2854 912 2860 '

802 2955 1003 3054 Philippus.

38 3379 41 3386 .
65 3327 126 3402 No.
142 3325 260 3402 6666.

70 3423 241 3453 ...ω
881 3334 1045 3456 ma

416 3513 479 3598 D.
512 3513 710 3602 Stiboro.

127 3690 216 3762 Epist.
229 3689 278 3745 lib.
287 3689 334 3746 Vl.
348 3709 375 3761 p.
388 3690 420 3746 16
427 3709 469 3764 sq.
487 3717 524 3732 —
543 3691 597 3749 tlte
607 3709 638 3747 er
651 3690 819 3763 autographo
831 3691 860 3746 in
869 3691 931 3748 cod.
944 3693 1053 3753 Moml.

161 3778 212 3816 no.
224 3759 284 3818 676.
303 3761 382 3833 epist.
393 3759 420 3818 6.

65 3909 290 3988 Clarissimo
314 3915 408 4006 ciro,
447 3917 642 3992 nobilitate
665 3919 827 4016 generis,
867 3917 1053 4018 sapientia

64 4030 91 4088 et
114 4019 247 4091 virtute
264 4022 494 4121 praestanti,
526 4019 696 4092 Domino
720 4019 929 4096 Danieli
952 4017 984 4092 S
991 4025 1054 4093 ti-

120 4121 177 4192 ha
189 4148 239 4194 ro
265 4133 327 4200 ete.
350 4133 511 4224 patrono
530 4149 598 4196 suo
614 4133 810 4196 reverenter
827 4117 987 4198 colendo.

65 4261 109 4348 S.
133 4271 181 4345 D.
235 4269 491 4348 Adulescentes
508 4274 698 4360 Francicus
722 4290 761 4350 ut
780 4276 884 4346 initio
899 4277 1053 4348 libenter

65 4375 258 4468 exciperem
273 4371 451 4469 hospitio,
477 4402 519 4449 co
535 4394 651 4450 motus
664 4399 763 4464 sum,
788 4379 871 4472 quia
888 4379 954 4450 tibi
971 4403 1052 4469 gra-

65 4479 252 4548 titudinem
260 4503 325 4572 pro
342 4481 412 4552 tuis
428 4480 607 4550 beneficiis
620 4481 785 4572 plurimis
799 4481 922 4552 debeo.
948 4479 1051 4552 Post-

64 4603 98 4649 ea
126 4593 169 4650 ut
200 4585 421 4652 consuetudo
453 4604 575 4652 eorum
605 4577 697 4650 mihi
728 4596 762 4652 et
785 4583 874 4651 meis
895 4583 1049 4655 iucunda

65 4779 129 4854 Nec
153 4785 322 4854 defutura
343 4797 446 4859 erant
464 4786 515 4856 eis
533 4785 699 4877 deinceps
715 4807 857 4879 quoque
873 4809 951 4876 mea
970 4785 1049 4854 offi-

65 4885 121 4956 cia·
172 4883 279 4956 Nunc
301 4901 488 4981 postquam
511 4902 724 4967 avocantur,
752 4907 817 4956 oro
832 4885 965 4958 Filium
979 4884 1048 4958 Ilei

64 4999 99 5054 ut
120 5011 180 5057 eos
201 5000 381 5080 protegat,
415 5002 450 5059 et
472 4990 579 5062 talem
600 4989 790 5062 constituat
804 4987 959 5080 Reipub.
972 4990 1047 5060 lor-

61 5109 146 5158 mam
173 5089 214 5158 in
242 5113 312 5183 qua
335 5105 370 5162 et
391 5092 551 5184 ipsorum
574 5093 686 5162 virtus
703 5093 819 5164 luceat
836 5105 871 5163 et
885 5093 988 5167 labor
1000 5093 1045 5164 sit

63 5190 217 5262 salutaris
242 5191 330 5284 ipsis
356 5205 391 5264 et
415 5194 507 5264 aliis.
565 5191 731 5266 Profecto
757 5193 895 5286 ingenti
920 5194 1043 5266 dolore

88 5435 114 5504 1)
130 5437 249 5496 Pausan-
265 5438 381 5497 Arbaic.
398 5455 458 5512 cap.
471 5439 497 5496 8.
514 5455 541 5512 p.
554 5437 616 5496 616.
634 5439 676 5498 ed.
693 5439 789 5494 nean.

1096 237 1248 316 :atas
1272 235 1375 320 xtt.
1422 234 1558 316 1664.

1891 331 1894 344 .
2026 235 2101 318 646

1110 411 1274 498 adficior,
1305 423 1386 482 ctam
1409 411 1497 483 tales
1517 411 1755 485 adolescentes
1769 411 1815 480 ad
1832 409 2000 482 virtutem
2016 410 2098 484 ido-

1110 537 1196 586 neos
1218 514 1362 586 intueor
1376 527 1412 588 et
1427 514 1535 586 simul
1552 515 1689 603 cogito,
1712 535 1819 606 mam
1836 511 1979 592 difficile
1996 512 2043 582 sit
2057 513 2096 596 iu

1110 610 1176 686 hac
1209 616 1460 688 dilaceratione
1484 615 1641 708 Reipub.
1674 628 1809 689 certum
1833 614 1927 700 vitae
1949 633 2096 689 cursum

1109 719 1305 794 instituere.
1355 715 1426 790 Sed
1449 743 1512 789 oro
1528 717 1663 806 Deum,
1687 731 1728 789 ut
1743 716 1928 788 universae
1945 711 2097 788 Genna-

1109 821 1189 890 niae
1217 821 1317 911 pium
1346 845 1557 892 consensum
1578 819 1820 892 Ecclesiamm
1846 831 1881 890 et
1902 818 2096 913 tranquilla

1110 923 1259 1014 imperia
1273 923 1444 996 restituat.
1576 941 1581 950 ·

1210 1037 1264 1111 De
1279 1039 1363 1110 vino
1380 1041 1477 1135 quod
1493 1035 1582 1109 mihi
1598 1039 1747 1126 misisti,
1772 1039 2024 1130 gratitudinem
2040 1061 2099 1108 me

1109 1141 1175 1213 tibi
1203 1143 1331 1213 debere
1358 1143 1525 1234 profiteor
1552 1157 1587 1214 ct
1610 1143 1757 1234 gratiam
1781 1141 1849 1212 tibi
1873 1135 1998 1213 babeo.
2028 1172 2031 1181 ·
2058 1137 2098 1213 Si

1110 1269 1179 1338 qua
1203 1246 1243 1314 in
1266 1245 1425 1315 raetiam
1444 1245 1550 1314 alicui
1568 1259 1627 1318 tua
1643 1267 1745 1316 causa
1760 1241 1948 1336 gratificari
1958 1236 2099 1335 potero,

1109 1347 1234 1417 faciam
1257 1347 1293 1416 id
1317 1369 1455 1418 summo
1471 1347 1599 1418 studio.
1652 1346 1908 1429 Proficiscitur,
1934 1369 2014 1415 cum
2028 1335 2099 1414 Pe·

1110 1456 1166 1518 lro
1180 1441 1372 1534 Loticleio,
1398 1445 1550 1542 Hagios
1565 1463 1669 1522 natus
1684 1449 1723 1518 in
1738 1449 1826 1519 urbe
1841 1445 2099 1536 Wirceburgo,

1110 1575 1215 1646 quem
1231 1565 1272 1622 ut
1286 1563 1431 1644 propter
1445 1551 1596 1643 patriam
1612 1566 1647 1622 et
1663 1563 1806 1644 propter
1821 1548 1932 1644 ipsius
1951 1547 2099 1638 integri-

1108 1667 1215 1724 tatem
1240 1654 1484 1744 complectaris
1510 1677 1585 1723 oro.
1641 1653 1739 1724 Bene
1763 1665 1797 1725 et
1817 1649 1990 1722 foeliciter
2007 1649 2097 1722 vale.
2220 1731 2222 1736 ,

1109 1753 1222 1827 Nonis
1242 1754 1472 1850 Septembris.

1557 1855 1584 1942 †
1599 1852 1788 1950 Philippus
1805 1849 2048 1928 Melanthon.”

1597 2113 2094 2132 ”mm

1117 2263 1185 2340 No.
1199 2263 1310 2340 5664.

1108 2361 1318 2396 Q

1371 2463 1521 2554 Iouctr.
1555 2463 1832 2555 camerario.

1176 2628 1261 2702 Epist.
1278 2629 1312 2684 ad
1331 2631 1440 2688 Carum.
1461 2649 1489 2701 p.
1501 2629 1562 2684 691.
1590 2629 1642 2696 (ed.
1659 2627 1752 2682 Lond.
1771 2625 1818 2684 lib.
1833 2622 1882 2683 Ν.
1898 2639 1943 2694 ep.
1956 2621 2043 2695 666).
2063 2649 2098 2668 ··

1211 2701 1277 2756 Nou
1294 2719 1367 2756 auno
1383 2699 1459 2754 1666.
1472 2699 1520 2754 red
1535 2697 1820 2782 a1554.scriptaest.

1926 2263 2097 2384 Q

1107 2845 1333 2928 Clarissimo
1358 2857 1435 2928 viro
1459 2851 1662 2928 eruditione
1683 2861 1714 2925 el
1740 2853 1868 2924 virtute
1888 2849 2098 2954 praestanti

1107 2955 1135 3030 I
1142 2953 1354 3030 oachimo
1380 2951 1654 3032 Camerario
1670 2955 1798 3058 fratri
1809 2981 1878 3028 suo
1892 2951 2097 3034 carissimo,

1107 3098 1156 3186 S.
1181 3109 1228 3182 D.
1277 3105 1528 3180 Adulescentes
1543 3107 1733 3178 Francicus
1741 3100 1793 3200 ¹⁵),
1814 3121 1856 3178 ut
1871 3113 1934 3198 ego
1951 3106 2097 3200 quidem

1107 3213 1212 3284 initio
1228 3212 1380 3284 libenter
1401 3213 1596 3303 exciperem
1614 3207 1788 3302 bospitio,
1813 3234 1855 3280 eo
1868 3223 1987 3280 motus
2006 3231 2097 3292 sum,

1108 3317 1190 3411 quia
1229 3315 1481 3403 gratitudinem
1508 3309 1677 3382 Danielo
1703 3309 1856 3383 Stibaro
1881 3336 1946 3404 pro
1972 3309 2097 3381 multis

1107 3419 1219 3510 ipsius
1236 3418 1413 3487 beneficiis
1432 3418 1555 3490 debeo.
1606 3413 1730 3485 Postea
1746 3429 1787 3485 ut
1802 3414 2019 3485 consuetudo
2035 3436 2096 3480 eo-

1108 3545 1186 3589 rum
1211 3515 1302 3588 mihi
1324 3533 1357 3589 et
1376 3519 1463 3588 meis
1479 3519 1633 3589 iucunda
1647 3531 1755 3598 esset,
1786 3517 2008 3608 perfecerunt
2025 3513 2095 3604 ipsi

1107 3645 1168 3690 sua
1194 3621 1365 3690 modestia
1388 3635 1422 3690 et
1444 3621 1626 3691 suavitate.
1676 3617 1749 3688 Nec
1766 3615 1929 3687 defutura
1946 3625 2047 3686 erant
2062 3615 2095 3683 ei

1107 3723 1273 3812 deinceps
1307 3746 1449 3815 quoque
1480 3745 1558 3790 mea
1584 3719 1710 3790 officia.
1776 3717 1881 3789 Nunc
1907 3731 2094 3812 postquam

1107 3837 1318 3904 avocantur,
1351 3847 1414 3892 oro
1438 3823 1549 3892 lilium
1566 3821 1632 3893 Dei
1653 3833 1695 3892 ut
1716 3845 1774 3892 eos
1796 3835 1974 3913 protegat,
2000 3833 2034 3889 et
2053 3832 2094 3888 ut

1107 3928 1212 3999 talem
1236 3925 1395 3996 restituat
1409 3923 1566 4017 Reipub.
1590 3925 1761 4010 formam,
1793 3925 1833 3992 in
1854 3947 1923 4016 qua
1947 3935 1982 3992 et
1997 3922 2093 4013 ipso-

1106 4053 1186 4100 rum
1211 4030 1325 4099 luccat
1350 4029 1481 4113 virtus,
1521 4041 1555 4096 et
1578 4026 1680 4096 labor
1700 4027 1747 4097 sit
1769 4025 1931 4096 salutaris
1953 4023 2039 4116 ipsis
2059 4036 2093 4092 et

1106 4132 1196 4203 aliis.
1248 4129 1409 4200 Proiecto
1433 4129 1569 4220 ingenti
1592 4129 1714 4197 dolore
1732 4127 1881 4207 allicior,
1911 4148 1991 4194 cum
2007 4124 2093 4194 tales

1105 4233 1342 4304 adolescentes
1362 4233 1406 4302 ad
1430 4233 1597 4302 virtutem
1622 4231 1770 4300 idoneos
1792 4229 1954 4312 intueor,
1982 4249 2023 4296 ac
2043 4227 2091 4294 si·

1106 4335 1180 4408 mol
1193 4335 1306 4426 cogito
1322 4335 1589 4404 dilacerationes
1603 4327 1779 4400 Ecclesiae
1795 4342 1828 4398 ct
1845 4327 2091 4421 Imperiorum,

1104 4439 1142 4507 in
1166 4438 1298 4532 quibus
1319 4449 1453 4506 certum
1477 4435 1570 4502 vitae
1594 4454 1736 4502 cursum
1752 4431 1811 4501 vix
1830 4429 2014 4526 quisquam
2032 4432 2091 4502 in·

1103 4540 1247 4610 stituerc
1269 4549 1394 4630 potest.
1456 4533 1526 4606 Sed
1549 4559 1613 4604 oro
1637 4530 1774 4618 Deum,
1810 4545 1851 4602 ut
1876 4530 2089 4604 Germaniae

1101 4845 1227 4914 umbra
1257 4841 1420 4936 Imperii,
1454 4867 1534 4916 cum
1565 4841 1749 4934 aliquanto
1780 4851 1859 4932 post
1886 4839 1948 4910 illa
1970 4860 2089 4932 rupes,

1100 4945 1144 5015 de
1168 4969 1237 5040 qua
1259 4943 1389 5018 Daniel
1414 4945 1591 5040 loquitur,
1627 4965 1790 5014 eversura
1801 4929 1860 5012 ¹sit
1881 4954 1992 5012 totam
2016 4953 2087 5011 sta·

1098 5061 1215 5135 tuam,
1248 5073 1338 5144 quae
1361 5047 1400 5118 in
1420 5047 1559 5119 somnio
1584 5057 1722 5116 ostensa
1745 5057 1798 5115 est
1819 5039 1912 5138 Regi
1930 5041 2086 5140 Babylo·

1096 5205 1315 5224 “-n--o

1129 5290 1160 5360 *)
1178 5291 1221 5344 De
1238 5286 1272 5342 iis
1285 5287 1342 5345 rid.
1355 5305 1405 5370 ep..
1411 5287 1438 5344 d.
1452 5288 1476 5346 6.
1491 5285 1585 5411 Saptb.
1597 5297 1625 5343 et
1638 5287 1665 5370 6.
1679 5285 1808 5359 tosepa
1823 5285 1898 5370 libi.
1925 5285 1987 5341 Nou
2001 5285 2085 5370 igitur

1161 5375 1235 5414 anuo
1257 5357 1332 5414 1665.
1350 5365 1451 5430 serapia
1470 5366 1510 5412 est
1548 5375 1596 5414 aee
1611 5357 1743 5433 epistola,
1769 5365 1800 5411 ut
1812 5373 1904 5418 vnum
1920 5355 2084 5424 meditari,

1159 5427 1206 5484 red
1220 5445 1246 5487 a.
1260 5427 1337 5484 1661.
