4688 5816
70 289 145 368 740

72 486 153 538 eum
175 460 387 532 assidentem
416 445 507 526 mihi
532 401 570 522 in
602 451 898 545 praelectionibus
916 451 1068 546 publicis

74 564 209 638 audivi.
261 559 414 643 Verum,
438 571 500 629 tuo
523 554 658 626 iudicio
682 567 716 624 et
731 556 900 642 arbitrio,
924 567 1067 628 statues.

72 665 129 741 Eo
152 665 257 737 etiam
280 660 451 732 libentius
473 679 556 728 eum
589 657 747 742 iuvabis,
779 657 861 750 quia
885 667 989 726 natus
1015 669 1067 726 est

76 771 115 840 in
129 792 168 838 ea
183 779 305 857 gente,
321 785 427 856 quam
440 759 620 830 Homerus
634 757 861 828 iustissimam
876 780 948 828 esse
964 781 1066 850 prae·
1144 801 1151 820 .

74 873 180 944 dicat.
238 865 316 957 Ego
347 863 451 935 etiam
484 861 728 930 moderatione
752 859 962 930 antecellere
986 859 1065 928 aliis

77 970 268 1044 Germanis
291 967 422 1038 iudico.
473 961 630 1033 Francos
652 956 843 1046 habebam,
873 985 962 1054 quos
982 959 1064 1032 mit-

74 1091 150 1149 tere
186 1070 397 1164 potuissem,
440 1067 501 1134 sed
534 1058 631 1132 hunc
664 1063 834 1154 praetuli,
879 1074 1063 1156 propterea
1169 1111 1178 1130 .

75 1177 173 1272 quod
190 1173 306 1242 minus
323 1172 475 1241 ferocem
501 1189 575 1236 esse
593 1164 804 1235 arbitrabar.
855 1161 953 1234 Bene
974 1164 1062 1238 vale.

73 1276 215 1370 Lipsiae
228 1273 375 1346 Caleud.
392 1267 492 1342 Maii.

73 1467 1053 1500 mmm

894 1651 924 1712 1.
947 1641 1034 1708 Mul.

880 1731 1052 1763 Μ

405 1825 464 1912 Β.
493 1823 722 1912 Henccic'o.

138 1993 225 2070 Epist.
243 1991 291 2048 lib.
305 1987 340 2047 ll.
357 2005 384 2062 p.
397 1985 458 2044 826.
475 1983 531 2054 (ed.
545 1980 635 2038 Laud.
654 1977 701 2036 lib.
716 1977 754 2036 ll.
771 1995 817 2050 ep.
830 1975 914 2048 stis.

143 2147 200 2224 D.
224 2139 447 2222 Iohanni
468 2135 724 2238 Baptistae
747 2132 976 2208 Hencelia

64 2291 114 2388 S.
137 2302 186 2376 D.
234 2288 505 2372 Clarissimerir
520 2300 556 2360 et
571 2299 721 2378 patrone
735 2278 952 2370 charissime,
978 2277 1058 2354 Etsi

67 2405 184 2498 magis
205 2401 285 2474 aliis
307 2389 619 2485 occupationibus,
643 2409 749 2482 quam
774 2409 851 2456 mea
874 2385 1056 2457 voluntate

68 2517 204 2594 factum
228 2515 298 2584 est,
331 2510 373 2570 ut
393 2487 594 2564 inchoatam
625 2487 876 2562 refutationem
898 2481 1057 2558 hominis

69 2607 238 2692 fanatici,
261 2601 324 2698 qui
345 2599 436 2670 iuste
460 2617 502 2664 ex
525 2590 665 2663 civitate
685 2602 799 2661 vestra
815 2589 980 2682 expulsus
994 2601 1058 2674 est,

69 2739 146 2788 uon
163 2701 414 2803 pertexuerira:
440 2709 560 2766 tamen
574 2716 616 2762 eo
631 2691 750 2764 minus
764 2691 982 2760 incommodi
1004 2702 1056 2760 est

70 2821 109 2892 in
124 2833 238 2896 mora,
253 2806 337 2901 quia
352 2812 432 2896 post
447 2798 538 2867 illud
555 2809 694 2884 tempus
702 2792 813 2882 magis
826 2790 958 2863 insulsa
967 2793 1056 2862 scri-

66 2935 130 3015 pta
146 2911 241 2986 edita
255 2919 372 2978 sunta
388 2889 721 2996 Stenclcseldianis,
746 2917 898 2988 quarum
913 2917 992 2963 cum
1008 2894 1054 2964 sit

68 3017 256 3094 manifesta
278 3006 496 3082 absurditas,
520 2998 608 3070 utile
634 3010 684 3068 est
704 2997 744 3066 iu
759 2996 969 3066 refutatione
995 3020 1055 3064 eo-

68 3145 152 3196 rum
172 3112 386 3187 mentionem
397 3107 521 3176 facere.
545 3096 593 3172 Et
608 3111 706 3170 erant
723 3098 760 3166 in
778 3097 1056 3189 scriptovestro·

69 3249 152 3296 rum
170 3217 361 3312 quaedam,
386 3203 519 3302 quaesi
533 3202 627 3274 edita
642 3213 777 3286 essent,
803 3199 954 3269 maiores
968 3222 1054 3268 can-

69 3323 250 3401 tentiones
264 3313 422 3407 paritura
437 3319 537 3376 erant
554 3297 622 3372 hac
636 3313 747 3372 aetate
770 3313 842 3372 tam
860 3300 987 3392 cupida
1003 3299 1055 3369 ri-

67 3447 211 3502 xarum.
240 3417 294 3490 De
315 3411 528 3510 quibusdam
543 3405 699 3476 materiis
715 3403 821 3474 etiam
836 3402 940 3472 valde
953 3417 1054 3494 opta-

66 3553 145 3603 rem
160 3547 218 3594 mc
234 3535 350 3592 tecum
364 3534 465 3607 posse
479 3531 597 3578 coram
616 3505 724 3598 loqui.
757 3502 862 3574 Nunc
877 3503 943 3573 tibi
956 3527 1054 3572 com.

66 3629 201 3704 mendo
215 3614 425 3694 Iohannem
433 3605 616 3680 Dareium
631 3600 854 3698 orphanum,
879 3617 1003 3674 natum
1014 3604 1053 3672 in

66 3737 161 3806 urbe
174 3739 309 3808 vestra,
324 3723 468 3789 doctum
482 3727 514 3782 et
531 3710 729 3780 modestum
745 3707 881 3790 virum,
895 3705 957 3800 qui
969 3699 1052 3774 hinc

66 3843 216 3932 propter
231 3820 470 3898 valetudinem
485 3811 646 3884 discedit.
694 3807 856 3902 Cumque
873 3829 954 3877 eum
969 3807 1054 3876 dili-

67 3951 194 4030 genter
205 3923 423 4006 audiverim,
448 3930 484 3988 et
498 3917 543 3986 ad
558 3911 768 3984 modestiam
791 3931 918 4000 magno
941 3907 1053 3978 animi

67 4051 173 4110 motu
188 4047 224 4104 et
239 4027 363 4100 dolore
379 4019 540 4093 hortatus
555 4014 640 4098 sim,
661 4012 866 4084 addidimus
878 4011 984 4082 etiam
1000 4024 1053 4080 te-

66 4135 277 4212 stimonium
293 4120 531 4199 ordinationis
547 4117 585 4186 in
595 4111 767 4200 Ecclesia,
781 4112 926 4184 tradetis
945 4111 1053 4201 igitur

64 4246 97 4314 ei
122 4244 243 4312 locum
260 4226 413 4302 docendi
441 4224 481 4293 in
502 4220 622 4314 aliqua
650 4211 824 4300 Ecclesia,
850 4229 952 4307 teque
988 4237 1051 4282 oro

67 4361 111 4418 ut
140 4363 221 4412 eum
236 4335 392 4406 adiuves.
444 4323 556 4417 Spero
571 4319 643 4392 tuis
659 4317 816 4387 consiliis
832 4313 870 4384 in
884 4313 1052 4385 omnibus

67 4447 180 4520 rebus
192 4439 518 4524 obtemperaturum
533 4445 619 4494 esse.
675 4417 749 4491 Nec
763 4417 920 4512 profecto
936 4418 1052 4487 ullum

66 4545 175 4620 vobis
189 4533 497 4611 commendaturus
512 4550 609 4608 sum,
634 4521 696 4614 qui
717 4521 897 4596 ridebitur
921 4517 1049 4611 ἐριοτι.

65 4646 133 4729 κὸς
148 4667 232 4716 esse.
280 4631 504 4710 Commendo
521 4625 588 4698 tibi
603 4625 708 4693 etiam
724 4613 1055 4693 MetaetnLucii

64 4747 289 4846 petitionem.
315 4742 319 4752 ‘
339 4733 438 4806 Bene
454 4730 542 4800 vale.
592 4723 669 4798 Cal.
684 4721 787 4798 Maii.

82 1651 152 1726 No.
164 1649 282 1727 6979.

75 1751 291 1792 Μ

57 4940 1047 4996 W

61 5127 132 5201 No.
149 5113 262 5191 6980.

61 5214 236 5249 w
396 5287 457 5374 D.
486 5281 549 5370 Cla
551 5293 726 5396 piraeo.

59 5520 63 5529 Ι
131 5457 181 5531 (Re
195 5453 293 5515 David.
307 5445 435 5520 thtraei
447 5440 567 5516 epistolis
584 5457 611 5511 p.
627 5439 716 5507 ¹244.)

648 273 1086 368 EPISTOLARUM
1121 265 1354 366 ,mum
1406 276 1538 362 1666.

2036 275 2112 354 769

1387 445 1578 527 Decide·
1599 439 1849 549 Chytraea.

1119 580 1398 675 Clarissimevir
1411 618 1446 676 et
1464 605 1582 677 cariss.
1595 605 1714 678 frater.
1764 601 1878 676 Aiunt
1894 603 1932 672 in
1948 625 2105 674 conven-

1119 714 1158 770 tu
1171 699 1446 802 Ratisponensi
1452 700 1491 800 *)
1507 723 1744 779 conventuros
1759 729 1833 776 esse
1847 707 1951 778 etiam
1965 705 2104 798 aliquos

1118 827 1214 890 viros
1228 809 1372 894 doctos,
1398 808 1514 902 quiin
1532 804 1735 880 Academiis
1752 823 1812 878 aut
1825 809 1863 877 in
1881 807 2021 900 templis
2037 809 2104 876 do-

1118 921 1198 981 cent
1212 905 1389 979 Ecclesiae
1405 911 1616 985 doctrinam.
1668 909 1778 1000 Quod
1795 910 1824 978 si
1848 911 1926 991 bet,
1952 909 2103 978 maxime

1118 1022 1153 1078 te
1174 1011 1302 1080 adduci
1329 1005 1459 1081 isthinc
1480 1011 1643 1104 optarim.
1694 1009 1748 1081 Ac
1765 1013 1965 1102 prodesset,
1990 1010 2102 1079 collo-

1117 1135 1235 1203 quiex
1249 1112 1381 1182 nostris
1395 1113 1553 1208 aliquos,
1578 1113 1641 1206 qui
1662 1125 1696 1184 et
1709 1114 1868 1184 veritatis
1890 1135 2046 1182 amorem
2068 1125 2103 1181 et

1117 1215 1306 1283 candorem
1322 1215 1524 1285 animorum
1541 1215 1730 1285 adferrent.
1761 1209 1867 1286 Nunc
1885 1213 1986 1285 vobis
1999 1213 2103 1282 mitto

1116 1315 1274 1406 exempla
1289 1307 1593 1410 ὑπομνημάτων,
1619 1339 1709 1410 quae
1724 1316 1768 1386 de
1785 1311 1941 1414 epistola
1959 1308 2102 1385 adRo-

1115 1439 1248 1486 manas
1265 1418 1395 1508 scripta
1416 1418 1529 1504 edidi,
1551 1441 1641 1513 quae
1663 1442 1726 1488 oro
1750 1431 1791 1488 ut
1816 1418 1909 1506 legas
1933 1431 2103 1512 tanquam

1114 1515 1271 1604 Censor,
1304 1531 1340 1590 ct
1362 1513 1454 1588 mihi
1476 1530 1577 1590 tuum
1608 1519 1779 1589 iudicium
1801 1518 1984 1609 significes.
2040 1515 2104 1586 ln-

1114 1620 1210 1689 terui
1233 1633 1266 1690 et
1289 1621 1537 1690 refutationem
1553 1611 1743 1690 Osiandri
1764 1621 1802 1688 in
1824 1643 1899 1713 cap.
1916 1619 1952 1696 8.
2004 1615 2102 1690 Bene

1113 1720 1203 1794 vale.
1254 1719 1367 1792 Nonis
1383 1719 1518 1816 Maii:

1110 2122 1176 2200 No.
1190 2125 1302 2203 69⁸1.

1118 2219 1289 2256 Μ

1418 2324 1484 2412 Ia.
1512 2322 1820 2456 Aarifabra.¹

1178 2508 1197 2574 †
1216 2503 1254 2560 Er
1268 2519 1362 2577 spagr.
1378 2499 1409 2555 ia
1420 2499 1482 2556 aad.
1496 2499 1582 2557 Paris.
1601 2499 1637 2556 D.
1649 2503 1684 2558 1..
1701 2501 1762 2561 54⁸.

1363 2656 1544 2731 Ioanni
1574 2656 1840 2760 Aurisabro

1108 2797 1157 2890 S.
1179 2805 1226 2884 D.
1267 2805 1385 2882 Ἅπαν
1413 2804 1457 2881 τὸ
1480 2803 1648 2903 χρηστὸν
1668 2804 1739 2904 τὴν
1764 2809 1850 2904 ἴσην
1874 2807 1945 2904 ἔχει
1971 2800 2098 2906 φύσιν.

1107 2917 1220 3008 Spero
1256 2909 1350 2980 inter
1383 2933 1449 2980 nos
1481 2911 1674 2982 amicitiam
1698 2925 1875 2982 aeternam
1897 2913 1994 2997 fore,
2028 2936 2098 3004 qua

1108 3019 1215 3087 etiam
1239 3013 1277 3082 in
1297 3007 1457 3082 Ecclesia
1482 3012 1624 3083 coelesti
1652 3011 1823 3086 fruemur.
1889 3011 1999 3084 Mitto
2033 3013 2099 3083 tibi

1106 3109 1361 3210 ὑπομνήματα
1385 3115 1430 3182 de
1454 3113 1601 3205 epistola
1623 3111 1725 3184 Pauli
1748 3115 1876 3206 scripta
1900 3117 1944 3185 ad
1963 3113 2098 3186 Roma-

1109 3243 1191 3304 nos,
1205 3240 1311 3311 quam
1326 3217 1420 3304 leges
1437 3228 1477 3286 ut
1493 3237 1636 3300 censor,
1653 3211 1792 3286 etmihi
1811 3217 1981 3288 iudicium
1995 3231 2098 3288 tuum

1107 3317 1332 3412 significabis.
1367 3313 1433 3390 Ἐν
1455 3319 1502 3412 τῇ
1525 3319 1654 3412 irpingi]
1676 3313 1868 3414 ἀκαδημίᾳ
1889 3313 2022 3405 ἐλπίζω
2040 3341 2099 3390 σοι

1105 3418 1211 3505 τάξιν
1231 3419 1271 3493 ἐν
1290 3411 1530 3500 διδασκάλοις
1544 3410 1680 3491 δώσειν
1695 3415 1784 3500 τοὺς
1799 3419 1994 3514 ἄρχοντας.
2047 3416 2096 3490 Ει

1108 3525 1173 3596 Dei
1183 3521 1355 3594 beneficio
1372 3521 1564 3590 mediocris
1580 3535 1632 3591 est
1650 3515 1776 3590 harum
1794 3523 1978 3612 remanum
1994 3535 2096 3591 tran-

1108 3627 1286 3721 quillitas,
1310 3645 1416 3714 quam
1435 3621 1532 3692 Deus
1548 3634 1698 3698 tueatur.
1751 3619 1850 3692 Bene
1873 3623 1952 3691 vale
1979 3637 2013 3692 et
2039 3647 2096 3693 re·

1106 3729 1233 3800 scribe.
1285 3723 1399 3794 Nonis
1415 3721 1505 3792 Maii
1528 3716 1636 3795 1666.

1848 3819 2048 3918 Philippus.

1119 4214 1185 4289 No.
1199 4211 1313 4288 5982.

1109 4311 1322 4350 m

1332 4413 1530 4527 (Potitio
1556 4409 1848 4530 eleemosyn.)

1174 4577 1282 4651 saep.
1300 4573 1498 4650 ..newton
1512 4573 1548 4636 r.
1559 4573 1595 4628 n.
1608 4572 1650 4628 n.
1663 4573 1720 4628 ns.

1935 4227 1991 4287 10.
2005 4219 2093 4285 Maii.

1960 4309 2081 4340 Μ

1387 4725 1524 4802 Ριιίιίο
1550 4705 1808 4827 eldemosynae.

1105 4879 1221 4980 Apud
1244 4879 1467 4980 Haggnenm
1488 4883 1607 4978 inquit
1632 4882 1747 4966 Deus,
1773 4883 1993 4956 sedatorum
2019 4911 2091 4960 esse

1104 4995 1221 5080 fruges
1243 4988 1439 5080 copiosius,
1464 4987 1496 5054 si
1518 4983 1811 5056 instaurationem
1837 4987 1958 5078 templi
1975 5013 2091 5080 popu.

1105 5096 1162 5166 lus
1176 5093 1329 5163 adiuvet.
1379 5086 1421 5159 ld
1436 5087 1627 5177 cogitemus
1643 5097 1677 5154 et
1691 5108 1797 5161 nsinc.
1849 5084 1939 5160 Cum
1957 5091 2091 5162 sterili.

1104 5210 1158 5268 tas
1173 5195 1336 5277 timetur,
1361 5190 1473 5260 simus
1487 5185 1636 5258 officiosi
1651 5187 1690 5256 in
1706 5187 1871 5258 iuvandis
1884 5193 2090 5280 praesertim

1107 5343 1327 5370 σιμῇ-..ἁ-

1136 5433 1167 5502 *p
1188 5427 1305 5488 Caeritis
1320 5425 1523 5500 Ratispaneasia
1538 5445 1633 5485 meree
1645 5429 1714 5486 tulta
1730 5430 1806 5488 1⁵56.
1817 5429 1905 5488 habita
1917 5445 1989 5494 snat.
