4714 5832
600 175 875 266 tubanus
906 171 1092 250 VITAE
1124 169 1255 250 Mul..
1308 169 1438 249 1656.
2002 209 2057 262 xv

55 281 109 462 llud
143 391 323 456 Melanthou
344 411 434 452 sunna
458 391 593 453 rescribit
614 389 763 452 iudicium
786 389 824 454 de
845 387 948 457 ferma
964 389 1118 472 doubiuaa
1138 400 1167 453 at
1193 391 1308 450 ήωωι
1330 379 1533 449 Meua
1555 384 1757 472 Woligeegi,
1792 387 1888 460 naus
1908 393 2057 464 Βιήήοῑ,

193 509 268 573 Vid.
284 533 333 593 ep.
325 510 378 574 ..d
404 515 457 578 16.
474 505 534 572 lut.
552 503 756 573 absorberi
777 505 968 594 scriptumd.
983 509 1043 578 25.
1056 503 1132 572 Deo.
1149 501 1180 566 h
1198 523 1226 564 a.

60 651 111 712 30
147 645 263 712 Gratias
279 651 340 727 agit
353 641 432 726 Regi
447 640 562 707 Danlae
577 663 632 725 pro
648 659 771 726 accepto
788 645 973 730 stipendio,
977 635 1083 718 ,tuno
1086 633 1232 722 eagetb’?
1257 633 1382 720 (quovis
1405 655 1484 712 auno
1506 641 1576 708 tou
1592 643 1808 721 imperiales.
1825 641 2057 710 Etmodfflo.

199 791 272 830 num
287 777 440 852 acceperat
457 765 527 828 inde
545 765 580 826 ab
595 785 674 824 anno
699 765 801 834 t546.
818 786 835 826 a
850 763 933 848 Rege
948 758 1092 838 Daniae.)
1839 791 1842 800 ·

41 899 115 977 Aug.
302 870 304 878 Ι

86 1039 114 1094 1.
150 1035 202 1098 Est
217 1035 377 1098 Dasmeiaa
395 1047 423 1094 at
440 1033 591 1116 praefatur
605 1035 636 1092 in
651 1033 780 1092 librum:
809 1075 830 1110 „
840 1025 1023 1108 Genealogia
1037 1039 1066 1086 et
1080 1021 1231 1090 Chronica
1247 1020 1299 1084 διδ
1314 1015 1435 1104 babiti
1452 1021 1592 1100 bubali?

88 1165 243 1240 &Redit
255 1173 476 1254 Witebergam.

73 1299 122 1358 ¹7·
135 1309 280 1416 Scribit.
317 1313 404 1384 „iam
427 1305 478 1367 bic
498 1316 567 1367 sunt
592 1303 654 1368 drao
676 1297 834 1364 Senatores
857 1293 1024 1380 lglebuaee,
1057 1295 1162 1370 mini,
1194 1307 1227 1355 ut
1251 1305 1401 1374 pastorem
1415 1289 1564 1358 Maiae
1581 1313 1656 1357 suae
1671 1295 1802 1356 iudicari
1818 1301 1928 1377 punt.
1963 1295 2060 1364 t'ettt

134 1400 140 1549 i¹
204 1431 294 1488 cfiarn
326 1447 343 1484 a
373 1426 460 1486 nobis
494 1445 532 1484 ex
559 1419 685 1484 Polooia
718 1415 829 1482 Comes
859 1419 895 1476 ab
906 1411 1083 1496 Ostorog,
1124 1411 1254 1472 i'ormam
1286 1412 1342 1472 sibi
1381 1414 1461 1477 mitti
1496 1409 1646 1488 Eccleatac
1680 1425 1798 1512 nostrae
1830 1429 1858 1487 ct
1893 1415 2058 1503 contusio·

137 1556 141 1615 t
204 1533 313 1604 nam.”

68 1667 124 1726 2⁰·
157 1675 340 1758 iglattuaibus
354 1675 484 1736 mittitur
498 1671 612 1736 Pastor.

69 1798 125 1860 28·
157 1805 299 1870 Editurus
315 1819 358 1868 est
372 1789 550 1868 Melanthon
563 1801 679 1886 aliquid
692 1817 796 1865 eontra
810 1801 966 1879 Flauium,
994 1797 1148 1880 Gonyzasn
1165 1797 1373 1877 Lithnanum,
1398 1814 1426 1862 et
1444 1798 1556 1864 Canlsii
1572 1803 1781 1882 blasphemias.

50 1941 127 2024 Sept.

95 2082 128 2142 1.
158 2073 280 2156 Accipit
293 2075 331 2134 ab
348 2069 494 2147 Albano,
515 2065 603 2131 Duce
618 2065 772 2148 Prnssiae,
792 2090 872 2131 nova
892 2071 1020 2150 scripta,
1044 2079 1078 2132 ut
1092 2069 1130 2132 da
1141 2071 1179 2132 ils
1193 2071 1316 2134 iudicat.

158 2207 325 2292 Epistulam
337 2208 588 2287 nuncupatoriam
603 2208 637 2266 iu
652 2203 808 2269 Helmoldi
829 2205 986 2266 historiam
1001 2199 1179 2281 Slavorum,
1202 2225 1219 2264 a
1236 2193 1452 2266 Soboercketio
1468 2209 1596 2286 aditam,
1623 2211 1725 2268 scribit
1743 2207 1781 2268 ad
1798 2205 1943 2270 loannem
1959 2205 2065 2270 Frida-

141 2362 145 2415 Ι
208 2331 324 2401 sicum,
348 2320 467 2386 Ducem
489 2321 694 2386 Pomcraniaa.
795 2325 800 2334 '

96 2467 126 2532 4.
161 2455 232 2520 Mel.
251 2459 377 2538 graviter
391 2456 550 2538 respondet
565 2453 668 2516 Flacio
686 2449 819 2535 illyrico.

98 2605 130 2663 7.
162 2589 285 2672 Accipit
300 2593 410 2652 librum
423 2587 521 2652 Flacii
531 2609 648 2652 novum
661 2635 681 2666 „
690 2599 748 2652 oon
760 2585 810 2651 bet
823 2579 992 2670 &inigitiff
1008 2599 1083 2666 eta,
1105 2589 1157 2650 ubi
1169 2585 1194 2645 F
1196 2589 1289 2650 lacius
1303 2591 1331 2648 ei
1344 2588 1529 2650 conditiones
1547 2592 1628 2670 pacis
1642 2593 1777 2671 scripsit,
1804 2613 1880 2674 quae
1892 2591 1917 2649 F
1919 2593 1988 2654 lacii
2006 2596 2067 2654 im-

210 2707 355 2789 pndentia
373 2729 391 2770 a
406 2709 580 2770 doctoribus
602 2719 632 2768 et
654 2707 839 2768 scholasticis
850 2702 1135 2786 Witabergcnsibua
1156 2709 1318 2788 aegerrima
1334 2706 1439 2766 fertur.
1490 2703 1643 2771 Prodeant
1658 2711 1739 2769 varia
1760 2713 1891 2772 earmina
1906 2715 1938 2772 in
1957 2725 2068 2774 contu·

145 2844 149 2931 1
211 2829 332 2888 meliam
340 2825 551 2889 Flaoianornm
565 2831 685 2908 scripta,
703 2845 833 2912 quornm
847 2823 909 2886 duo
923 2825 1070 2907 elegantia
1086 2835 1244 2906 praestant,
1269 2825 1361 2888 videl.
1381 2823 1539 2904 „synodus
1556 2828 1656 2886 crium
1672 2818 1793 2888 auctori
1807 2822 1943 2890 Iohanne
1951 2825 2069 2891 Maiore

146 2938 149 2952 ¹
211 2939 410 3022 loacbimo’',
436 2943 519 3028 quod
534 2943 623 3006 babae
634 2951 667 3006 in
685 2942 813 3028 Scriptis
835 2945 966 3025 publicis
980 2939 1164 3004 Academiae
1177 2941 1298 3008 Witeb.
1320 2941 1360 3006 T.
1377 2938 1438 3005 lli.
1466 2965 1497 3025 p.
1514 2951 1567 3021 3.,
1593 2958 1622 3006 et
1647 2943 1809 3022 „idyllr'ou
1828 2936 1864 3010 de
1881 2943 2069 3008 Philomela”

212 3061 287 3122 tata.
303 3083 337 3142 p.
357 3067 401 3127 to
411 3046 440 3122 ¹³.

79 3191 132 3251 tt·
146 3176 149 3361 i
166 3192 290 3256 Carolus
307 3191 412 3257 Caesar
428 3217 468 3256 ex
482 3191 608 3276 Belgico
624 3199 743 3276 navigat
761 3199 794 3256 in
809 3194 998 3278 Hispaniam.

64 3325 132 3418 ¹20.
147 3368 150 3407 ,
165 3324 341 3390 Melanthon
360 3329 397 3390 de
410 3332 515 3390 calceis
531 3341 562 3391 at
575 3329 715 3392 sandaliis
728 3342 864 3392 veterum
875 3330 1036 3413 respondet
1049 3326 1272 3399 Buohholzero.

147 3446 150 3561 i
165 3455 260 3520 Mittit
273 3463 422 3540 pagellam
438 3461 475 3522 de
494 3461 658 3524 mediatore
671 3459 826 3540 (adversus
843 3457 1025 3542 Ganlsium).

83 3591 133 3652 26.
165 3590 296 3655 Mittitur
308 3591 498 3656 Melanthoni
514 3597 551 3656 ab
562 3599 631 3657 aula
648 3592 795 3658 Electoris
811 3593 938 3658 Sarcarii
950 3617 1094 3678 magnum
1111 3600 1270 3672 volumen,
1300 3610 1331 3656 ut
1347 3615 1435 3656 auum
1449 3594 1486 3654 da
1502 3614 1538 3653 eo
1552 3591 1699 3651 iudicium
1716 3593 1800 3651 aulae
1815 3593 1969 3671 significet.

81 3721 134 3782 27.
147 3738 151 3846 Ι
165 3721 295 3788 Sabinus
309 3739 353 3787 est
364 3725 572 3808 Witabergee.

71 3877 136 3948 Oet.
146 3858 152 3888 Ε

108 4025 137 4080 1.
168 4005 239 4068 Mel.
255 4007 408 4089 praefatur
423 4013 455 4092 in
471 4005 564 4072 Tem.
579 4005 656 4069 Vll.
675 4029 748 4089 opp.
761 4003 892 4068 Lutheri
904 4013 1066 4069 latinorum
1088 4007 1126 4068 ad
1141 4004 1339 4088 Barnimum,
1366 3999 1485 4063 Ducam
1498 4000 1701 4064 Pomeraniac.

107 4154 137 4214 2.
168 4136 307 4221 Lipsiam
321 4143 518 4230 proficiscitur
530 4141 568 4201 ad
582 4140 741 4202 nundinas.

109 4285 140 4346 8.
171 4269 318 4335 Peuoems
335 4288 365 4334 et
381 4270 566 4336 Camerarius
582 4273 799 4357 Norinbergem
814 4281 1050 4358 proficiscuntur.

91 4419 140 4480 13.
171 4405 266 4468 Mittit
280 4406 421 4488 Augusto
432 4457 441 4486 ,
451 4395 454 4400 ¹
466 4407 546 4490 Regi
561 4407 725 4489 Poloniaa,
750 4417 924 4498 exemplum
939 4413 1135 4472 confessionis
1151 4403 1335 4468 Saxonicae.

90 4551 141 4614 23,
172 4537 248 4603 Loci
261 4543 428 4624 theologici
445 4548 607 4624 germanici
620 4549 730 4606 iterum
744 4547 880 4607 eduntur.

92 4683 142 4747 25.
173 4673 283 4736 Scribit
297 4679 536 4757 propositiones,
562 4679 599 4737 dc
616 4681 726 4760 quibus
742 4676 870 4741 Gourad.
890 4675 1005 4738 Becker
1014 4680 1142 4758 ,publice
1158 4685 1202 4734 est
1218 4671 1432 4750 disputaturus.

91 4819 140 4879 26.
156 4805 386 4913 ¹I'i'eiiingerua,
412 4809 517 4872 Pastor
531 4807 715 4893 lipsiensis,
741 4811 936 4893 Witebergee
951 4815 1039 4873 estin
1059 4831 1145 4872 causa
1162 4806 1259 4869 Pacci.

156 4949 160 5033 t
174 4937 326 5004 Sententia
346 4941 624 5024 Witebergansinm
639 4948 676 5008 de
690 4944 797 5010 Paceo.

73 5039 160 5164 ttoni

110 5199 139 5260 9.
156 5173 271 5254 ΙΝἰοοΙ.
285 5193 414 5273 Gallos,
439 5193 545 5258 Pastor
557 5195 801 5274 Ratisbonensis,
824 5200 925 5260 scribit
941 5199 978 5260 ad
991 5194 1219 5260 Melanthonem
1234 5201 1271 5259 de
1288 5197 1529 5324 liberoXarbitrio.

155 5301 159 5416 ξ
174 5323 320 5408 Sabinus,
347 5325 551 5394 lllalauthonis
565 5353 672 5414 gener,
699 5347 852 5396 revocatur
870 5337 902 5394 in
918 5330 1114 5396 Academiam
1129 5331 1419 5416 Regiomontanam,
1444 5343 1531 5392 aucto
1551 5325 1711 5408 stipendio.

100 5441 266 5508 iliciana.
285 5445 387 5510 Orra.
415 5445 499 5512 Vos..
515 5445 605 5516 Vlll.
1417 5467 1434 5511 ⁰
