4688 5816
85 213 156 288 sss
654 203 1086 288 urtsronattuu
1137 201 1246 282 nte.
1271 201 1357 282 xu.
1412 197 1542 288 met
1710 281 1712 286 .
2037 211 2112 292 oso

87 389 143 458 sed
157 384 271 458 multo
289 383 404 456 maior
418 397 474 458 est
496 383 598 476 culpa
618 381 729 475 ipsius
744 381 956 469 iuventutis,
981 403 1072 478 qrrae
1124 377 1298 473 tyrocinla
1315 377 1407 450 liunt
1422 378 1460 449 in
1477 379 1545 470 piis
1568 381 1684 464 cultus
1700 385 1778 456 Deo
1795 385 1971 479 placentes
1994 401 2029 460 ct
2051 411 2110 460 sa-

84 503 116 559 ct
134 501 319 580 parentum
341 487 491 580 gemitus
513 499 547 558 et
573 485 778 558 docentium
809 485 1071 556 admonitiones
1123 479 1276 555 crificia:
1316 476 1457 550 Deinde
1481 483 1582 552 fateri
1607 509 1746 557 necesse
1767 501 1835 574 est,
1867 489 2105 581 cognitionem

24 586 27 594 ’
86 607 117 662 ct
128 589 335 683 Principum
360 590 474 662 edicta
498 587 713 674 contemnit,
738 599 772 658 et
794 587 947 658 subinde
968 586 1071 656 novis
1122 583 1306 653 doctrinae
1330 582 1561 654 necessariam
1582 609 1675 671 esse,
1706 601 1740 662 et
1767 603 1850 660 ante
1872 591 2104 666 mutationem

86 705 118 763 et
138 690 414 762 deformioribus
430 689 601 782 exemplis
625 711 753 759 nervos
774 689 985 782 disciplinae
1008 710 1070 779 pc·
1121 683 1323 754 animorum
1348 699 1383 756 et
1399 685 1565 777 deinceps
1580 707 1727 781 semper.
1775 689 1856 761 Non
1880 693 1976 764 enim
2001 695 2104 765 aliter

85 794 237 864 tulautcr
252 792 387 866 incidit.
438 789 718 885 Loquorautem
735 813 922 862 nuncnon
947 793 991 859 de
1017 790 1069 858 lc-
1120 785 1215 856 lilius
1232 783 1299 856 Dei
1317 778 1425 886 λόγος
1440 787 1646 883 cuiusquam
1669 791 1779 864 menti
1797 793 1907 866 vitam
1930 807 1964 865 et
1987 796 2103 866 lucem
2209 809 2211 812 ’

84 895 182 986 gibus
203 893 453 986 imperiorum,
479 916 570 986 quae
594 893 756 985 capitalia
778 892 910 986 indicia
931 903 1069 982 regunt,
1120 887 1265 972 tribuit,
1298 888 1367 958 nisi
1390 913 1475 959 voce
1496 889 1688 966 doctrinae.
1742 889 1849 983 Quod
1871 919 1950 966 cum
1974 897 2023 968 ita
2049 897 2105 982 sit,

83 997 140 1068 scd
156 997 202 1066 de
216 989 282 1066 bac
298 1007 398 1084 parte
417 993 669 1086 paedagogiae,
694 1017 785 1088 quae
805 1006 946 1064 externa
970 1015 1069 1064 exer·
1120 989 1295 1080 negligere
1317 991 1433 1061 studia
1455 991 1636 1062 doctrinae
1660 987 1752 1064 hanc
1772 997 1819 1067 ob
1836 1020 1994 1080 causam,
2020 998 2104 1092 quia

79 1099 162 1170 attia
179 1098 356 1181 continet,
375 1095 588 1188 pertinentia
607 1097 650 1164 ad
669 1097 818 1188 primam
834 1096 990 1166 tabulam
1006 1095 1067 1164 de·
1120 1115 1195 1160 nnn
1210 1091 1283 1161 sint
1298 1089 1452 1178 iusticia,
1478 1087 1662 1166 horribilis
1677 1095 1778 1166 furor
1792 1111 1826 1168 ει
1843 1099 2005 1192 impietas
2020 1115 2080 1174 est.

83 1197 215 1289 calogi,
241 1199 278 1268 in
302 1197 477 1268 discendis
500 1197 613 1268 initiis
635 1197 817 1268 doctrinae
842 1199 887 1266 de
908 1195 1003 1276 Deo,
1028 1195 1066 1264 iu
1222 1187 1356 1262 Audivi
1381 1208 1497 1265 autem
1524 1196 1672 1281 multos,
1698 1212 1733 1270 et
1754 1199 1898 1294 quidem
1918 1195 2102 1271 scholasti-

84 1300 233 1372 lectione
246 1313 280 1371 et
295 1299 501 1370 recitatione
516 1323 678 1392 precum,
707 1299 745 1370 in
760 1297 889 1368 ritibus
909 1297 977 1390 piis
1000 1295 1068 1365 mi·
1119 1317 1195 1380 cos,
1229 1319 1382 1388 quorum
1407 1309 1500 1366 aetas
1528 1319 1600 1366 non
1624 1299 1792 1389 procula
1818 1301 1985 1374 vicesimo
2009 1325 2103 1373 auno

81 1401 219 1474 'nisterii
248 1397 453 1496 Evangelici
486 1401 681 1471 servandis.
760 1397 900 1471 Deinde
932 1413 966 1468 ct
999 1397 1066 1468 alia
1120 1396 1259 1482 aberat,
1285 1398 1347 1490 qui
1366 1397 1577 1492 Symbolum
1593 1396 1849 1492 Apostolorum
1865 1403 2014 1475 recitare
2028 1427 2102 1475 non

83 1504 299 1597 pertinentia
323 1505 368 1574 ad
387 1504 579 1573 secundam
599 1501 774 1586 tabulam,
799 1501 838 1570 in
854 1500 1067 1594 quibusdam
1118 1510 1294 1592 poterant.
1344 1497 1451 1568 Tales
1473 1512 1534 1570 aut
1556 1523 1636 1570 raro
1659 1514 1720 1572 aut
1743 1527 1927 1598 nunquam
1951 1503 2103 1578 excitant

83 1605 243 1676 iusticias
260 1603 403 1690 olficiis,
429 1618 463 1674 et
489 1603 659 1674 intuenda
678 1603 909 1696 temperantia
933 1615 967 1673 et
991 1625 1068 1670 mo·
1120 1613 1255 1670 mentes
1276 1600 1321 1670 ad
1342 1599 1591 1690 cogitationem
1613 1603 1658 1672 de
1678 1599 1754 1674 Deo
1777 1619 1813 1678 et
1836 1609 1881 1676 ad
1904 1605 2103 1678 invocatio-

83 1708 204 1778 destia.
256 1703 351 1778 Sunt
368 1705 463 1774 enim
481 1699 568 1775 baec
583 1704 927 1796 iusticiacpropria,
968 1727 1068 1774 reve-
1119 1725 1212 1772 nem.
1267 1699 1394 1772 Postea
1428 1701 1663 1795 impelluntur
1692 1701 1877 1798 prophana
1904 1722 2047 1799 pectora
2081 1733 2101 1778 a

83 1808 196 1880 rentia
214 1829 294 1898 erga
313 1820 476 1899 parentes
498 1819 533 1876 ct
549 1807 728 1886 doctores,
750 1831 824 1876 uon
848 1805 991 1876 turbare
1018 1803 1069 1874 ci·
1120 1801 1281 1872 Diabolis
1304 1802 1342 1871 in
1369 1804 1466 1874 varia
1489 1805 1628 1874 scelera.
1685 1805 1875 1879 Sumamns
1897 1809 2006 1900 igitur
2027 1805 2102 1880 sin-

83 1913 180 1980 vium
198 1922 231 1980 et
244 1921 466 1999 aegrotorum
484 1909 638 2001 quietem
659 1907 761 1988 rixis,
788 1907 982 1978 barbaricis
1004 1930 1068 1976 vo-
1120 1905 1194 1993 guli
1209 1917 1366 1994 tempora
1383 1904 1500 1999 aliqua
1519 1907 1564 1976 ad
1580 1906 1844 1996 recitationem,
1869 1923 1909 1980 ut
1933 1911 2103 1985 excitetur

82 2010 349 2083 citerationibus
373 2023 407 2080 et
422 2009 652 2094 tumultibus,
676 2007 794 2078 debita
814 2023 973 2098 tempora
993 2021 1068 2077 stu·
1120 2005 1296 2076 invocatio
1317 2020 1352 2078 et
1377 2007 1438 2076 alii
1462 2006 1514 2100 pii
1538 2021 1667 2080 motus.
1725 2007 1780 2081 Ac
1816 2012 2026 2084 nominatim
2058 2017 2103 2084 de

84 2115 150 2184 diis
168 2111 531 2183 doctrinaetribuere.
581 2108 852 2202 Temperantiae
870 2123 971 2193 sunt,
994 2131 1069 2178 scr·
1120 2105 1291 2202 Symbolo
1307 2106 1440 2178 dicam:
1466 2108 1600 2180 multae
1613 2109 1839 2200 gravissimae
1858 2137 1983 2184 causae
2007 2128 2101 2196 sunt,

83 2238 166 2286 vare
184 2215 330 2285 modum
345 2211 384 2282 in
399 2211 478 2282 cibo
493 2225 526 2283 et
541 2225 628 2304 potu
645 2211 914 2282 convenientem
930 2210 1068 2280 valetu-
1120 2232 1184 2278 cur
1204 2209 1426 2280 adsuefacere
1454 2233 1521 2280 nos
1550 2211 1593 2279 ad
1629 2212 1872 2284 recitationem
1898 2215 2101 2290 debeamus.

82 2317 180 2396 dini,
209 2329 243 2385 et
256 2327 348 2386 recte
365 2313 581 2404 distinguere
600 2315 783 2394 laborum,
809 2313 882 2383 cibi
897 2323 933 2384 et
951 2310 1069 2382 somni
1120 2307 1280 2380 Primum
1299 2309 1329 2380 si
1349 2333 1449 2380 mens
1469 2323 1520 2382 est
1537 2310 1614 2403 pia,
1639 2312 1678 2382 in
1699 2308 1765 2385 hac
1786 2315 1862 2407 ipsa
1883 2317 2102 2410 pronuncia-

82 2433 254 2510 tempora.
306 2413 503 2487 Modestiae
517 2417 684 2500 sunt,'in
700 2439 863 2484 sermone
875 2415 988 2484 vitare
1003 2413 1069 2484 ob-
1120 2411 1237 2498 tione,
1262 2425 1302 2482 ut
1314 2411 1573 2504 simplicissime
1598 2414 1743 2508 loquar,
1769 2417 1914 2507 cogitet,
1940 2419 2017 2488 fieri
2038 2422 2102 2489 ad-

84 2519 308 2602 scenitatem,
337 2516 602 2600 scurrilitatem,
628 2515 865 2607 arrogantiam
887 2509 1069 2588 thrasoni·
1122 2513 1347 2606 plicationem
1363 2513 1615 2584 beneficiorum
1638 2516 1702 2585 filii
1718 2513 1798 2593 Dei.
1848 2515 1964 2590 Credo
1990 2519 2028 2590 in
2045 2519 2102 2591 le-

82 2645 181 2700 cam,
200 2619 378 2704 convicia,
402 2619 648 2704 virulentiam,
663 2617 880 2690 atrocitatem
894 2630 929 2688 et
942 2619 1070 2702 minas,
1120 2617 1199 2684 snm
1219 2610 1422 2700 Christum,
1454 2615 1561 2685 credo
1592 2617 1835 2690 remissionem
1866 2635 2101 2712 peccatorum,

82 2722 285 2794 torvitatem
309 2719 486 2810 ingestu,
535 2721 685 2790 formam
707 2719 863 2790 vestibus
883 2743 958 2792 non
981 2742 1070 2788 con·
1119 2716 1270 2802 scilicet,
1301 2711 1392 2785 mibi
1413 2740 1555 2812 quoque
1576 2717 1700 2791 tribui.
1751 2719 1904 2791 Memini
1926 2725 2104 2816 quendam

81 2824 286 2894 venientem
301 2844 480 2913 personae.
532 2819 574 2892 ln
589 2815 646 2891 bis
660 2821 766 2892 rebus
781 2819 959 2892 discedere
980 2841 1000 2890 a
1017 2821 1070 2890 le-
1121 2819 1182 2912 qui
1197 2831 1280 2889 ante
1295 2818 1427 2888 multos
1440 2841 1554 2888 annos
1569 2819 1708 2892 dicebat
1720 2817 1791 2894 bac
1809 2847 1846 2893 se
1861 2825 2103 2896 consolatione

83 2926 189 3016 gibus
202 2938 237 2996 et
251 2923 393 2994 iudiciis
408 2935 595 3015 parentum
615 2935 649 2994 et
668 2921 822 2993 aliorum
837 2915 1069 2994 bonestorum
1120 2920 1305 3012 praecipue
1330 2919 1571 2991 confirmatam
1596 2943 1670 2992 esse
1692 2922 1731 2992 in
1754 2925 1891 3016 magnis
1908 2926 2103 3000 doloribus.

82 3022 292 3110 bominum,
317 3023 460 3096 initium
479 3037 530 3095 est
545 3023 1007 3095 contumaciaeetlurorum
1030 3024 1069 3092 in
1120 3020 1259 3094 Deinde
1283 3021 1573 3094 commonefactio
1598 3035 1650 3094 est
1670 3025 1715 3094 de
1737 3027 1905 3098 omnibus
1925 3023 1994 3098 Dei
2018 3052 2104 3121 ope-

81 3130 189 3199 rebus
202 3126 383 3212 maximis,
408 3137 448 3197 ut
461 3126 645 3196 manifesta
665 3125 879 3218 experientia
902 3125 1069 3196 ostendit.
1123 3123 1242 3208 ribus,
1275 3121 1319 3192 de
1341 3121 1537 3208 creatione,
1570 3125 1615 3194 dc
1638 3125 1881 3218 redemptione
1903 3131 2000 3200 etde
2022 3155 2104 3222 per·

83 3227 169 3301 ldeo
193 3249 320 3318 magno
346 3227 469 3298 dolore
498 3249 621 3298 omncs
650 3221 791 3298 honesti
813 3221 977 3298 homines
1006 3227 1071 3296 ad·
1123 3239 1227 3316 petua
1250 3219 1428 3294 Ecclesiae
1453 3225 1675 3302 collectione.
1733 3225 1824 3300 Cum
1856 3231 1964 3318 diris,
1998 3235 2103 3302 credo

82 3331 272 3415 ficiuntur,
297 3351 377 3400 cum
398 3329 521 3400 vident
546 3322 632 3398 baec
653 3329 811 3419 exempla
836 3328 1070 3420 negligentiae
1122 3325 1195 3396 es‘se
1217 3321 1410 3396 Ecclesiam
1433 3321 1662 3414 catholicam,
1689 3353 1790 3400 mens
1812 3333 1955 3422 cogitet,
1981 3332 2043 3404 ubi
2071 3347 2105 3404 et

82 3447 143 3504 aut
170 3429 397 3526 petulantiae.
455 3425 506 3502 Et
533 3443 695 3500 nostrum
722 3429 883 3500 dolorem
910 3429 1071 3524 quotidie
1123 3453 1213 3522 quae
1227 3427 1273 3496 sit
1285 3423 1460 3512 Ecclesia,
1478 3441 1560 3498 etse
1575 3429 1608 3498 ei
1621 3429 1799 3521 adiungat.
1834 3428 1989 3503 Nibilin
2006 3455 2103 3502 snm.

82 3533 307 3606 ostendimus
325 3555 411 3614 uos,
437 3531 501 3626 qui
520 3529 734 3602 adducendi
752 3529 918 3602 militiam
944 3529 1072 3601 delecti
1124 3529 1191 3600 mis
1206 3527 1375 3620 periculis
1390 3529 1433 3598 ad
1449 3529 1727 3601 consolationem
1741 3532 1915 3604 efficacius
1931 3535 2105 3606 esttotius
2218 3607 2221 3614 ,

81 3658 215 3708 sumus.
267 3630 468 3706 Hortamur
485 3653 630 3720 omues,
654 3645 695 3704 ut
715 3633 881 3703 mandata
902 3628 989 3716 Dei,
1013 3630 1072 3702 iu-
1123 3627 1285 3724 Symbnli
1303 3628 1605 3716 consideratione,
1630 3643 1671 3702 ut
1685 3632 1742 3702 vir
1762 3635 1886 3709 doctus
1910 3650 1944 3708 et
1966 3635 2104 3729 sapiens

81 3737 175 3808 dicia
212 3747 399 3828 parentum
431 3759 580 3807 suorum
616 3747 652 3806 et
684 3735 847 3804 ordinem
880 3733 1072 3818 actionum,
1122 3727 1372 3824 Hirronymus
1394 3721 1608 3824 Scdurfius,
1630 3731 1724 3804 luris
1747 3733 1897 3824 Doctor,
1922 3761 2003 3808 cum
2021 3761 2104 3808 sen·

82 3863 190 3934 quem
205 3838 359 3928 probant
372 3831 537 3908 homines
552 3831 715 3920 honesti,
740 3849 869 3906 ament.
919 3832 999 3906 Hoc
1014 3857 1073 3904 ar-
1123 3831 1205 3906 tiret
1225 3844 1390 3902 naturam
1408 3833 1534 3903 morbo
1556 3832 1672 3922 vinci,
1696 3857 1804 3930 seque
1828 3836 1898 3910 iam
1920 3852 2035 3910 totum
2058 3843 2102 3910 ad

81 3953 252 4031 gumento
265 3961 390 4022 senex,
414 3938 632 4022 eruditione,
656 3937 789 4010 virtute
812 3949 848 4008 et
870 3935 1072 4030 eloquentia
1125 3933 1371 4025 cogitationem
1387 3934 1432 4004 de
1452 3931 1529 4006 Deo
1552 3947 1587 4006 ct
1600 3935 1746 4008 domino
1765 3953 1886 4012 nostro
1902 3937 1981 4010 lesu
1995 3937 2102 4012 Chri-

83 4041 280 4122 cxcellens,
313 4033 507 4112 Amotdus
532 4033 725 4112 Burcns'us
749 4033 843 4108 hanc
873 4037 1071 4109 orationem
1124 4048 1178 4106 sto
1192 4035 1463 4128 composuisset,
1487 4048 1562 4108 toto
1582 4038 1700 4110 morbi
1716 4053 1872 4132 tempore
1892 4041 1965 4110 iere
1982 4041 2104 4133 singu-

84 4145 253 4236 scriptam
267 4141 392 4214 edidit.
1066 4215 1069 4222 g
1125 4135 1168 4210 lis
1190 4131 1289 4206 horis
1308 4139 1488 4230 repetebat
1503 4135 1713 4233 Symbolum
1737 4153 1834 4211 tanta
1854 4142 1966 4212 animi
1979 4144 2106 4216 alacri·

193 4240 244 4316 Ut
272 4254 387 4314 autem
413 4239 539 4314 Astrea
568 4241 671 4334 pulsa
701 4261 743 4309 ex
770 4238 922 4312 urbibus
952 4252 1072 4310 tamen
1125 4251 1213 4324 tate,
1237 4251 1278 4310 ut
1293 4239 1480 4332 praecipue
1496 4238 1558 4311 illa
1577 4240 1796 4313 confessione
1817 4242 1905 4334 erigi
1925 4257 1960 4315 et
1976 4246 2106 4316 confir-

81 4347 122 4416 in
160 4361 246 4416 rure
280 4342 419 4438 aliquos
449 4342 580 4414 dicitur
617 4341 794 4414 invenisse
832 4355 969 4427 coetus,
1009 4341 1074 4435 qni
1125 4339 1216 4412 mari
1231 4354 1443 4415 cerneretur.
1493 4335 1552 4410 Ad
1572 4340 1674 4411 illum
1693 4364 1841 4430 agonem
1860 4347 2021 4440 quotidie
2040 4372 2106 4418 nos
2159 4399 2161 4402 -

82 4472 163 4520 eam
181 4445 333 4516 audiunt
344 4457 378 4515 et
395 4444 428 4514 ei
443 4443 634 4530 obediunt,
660 4443 708 4514 ita
725 4457 761 4516 et
777 4457 918 4515 nostrae
940 4438 1074 4512 adhor·
1125 4465 1391 4534 praeparemus,
1416 4457 1457 4512 ut
1472 4443 1578 4512 verba
1592 4439 1756 4537 Symboli
1772 4461 1807 4518 et
1826 4461 2000 4520 certarum
2023 4472 2106 4520 een-

80 4550 258 4632 tationes,
290 4545 356 4617 etsi
387 4569 407 4616 a
439 4545 561 4616 multis
590 4545 817 4631 deridentur,
850 4557 969 4615 tamen
999 4566 1073 4612 non
1126 4541 1314 4614 tentiarum
1329 4542 1433 4615 nobis
1446 4543 1719 4616 familiarissima
1735 4546 1825 4630 sint,
1850 4573 1896 4619 ne
1912 4551 1949 4619 in
1967 4550 2029 4620 illo
2049 4577 2106 4621 ar-

82 4671 233 4746 prorsus
244 4648 365 4718 irritae
379 4659 503 4732 erunt,
525 4645 607 4740 quia
623 4645 796 4737 scriptum
816 4658 882 4717 est:
909 4665 985 4714 non
1007 4643 1076 4714 erit
1126 4643 1235 4715 ticulo
1265 4643 1383 4714 desint
1412 4667 1510 4714 arma
1539 4648 1743 4720 necessaria.
1801 4645 1868 4720 Est
1891 4663 1924 4720 et
1946 4653 2107 4745 quotidie

83 4751 191 4824 labor
212 4763 329 4821 vester
343 4747 462 4819 inanis
477 4747 515 4816 in
539 4746 700 4816 domino.
750 4745 822 4818 Sed
836 4745 1076 4818 vociferantur
1126 4743 1344 4817 ostendenda
1364 4759 1485 4816 contra
1509 4746 1672 4819 diabolos
1686 4749 1871 4821 confessio.
1923 4749 2109 4825 Praeterea

83 4853 253 4949 quidam:
280 4873 344 4920 cur
365 4851 485 4920 scenos
508 4847 612 4917 nobis
630 4845 799 4935 inlicitis,
822 4873 903 4920 cum
921 4847 1076 4920 doceatis
1127 4859 1280 4943 quantus
1304 4859 1430 4941 stupor
1458 4859 1529 4934 est,
1559 4873 1634 4922 non
1656 4849 1758 4920 adfici
1778 4853 1836 4922 vel
1862 4857 2109 4928 communibus

83 4949 183 5026 banc
198 4950 419 5044 diligentiam
434 4949 578 5042 regendi
593 4961 754 5020 externos
768 4963 898 5044 gestus,
912 4973 988 5021 non
1002 4971 1077 5022 esse
1127 4947 1325 5035 aerumnis,
1358 4949 1417 5020 vel
1439 4948 1594 5043 propriis
1614 4951 1824 5024 vulneribus
1848 4969 1910 5027 ant
1932 4957 2109 5046 periculis,

83 5055 265 5128 iusticiam
298 5066 444 5146 propter
475 5075 583 5146 quam
606 5047 705 5122 Deus
738 5049 863 5143 recipit
891 5049 1078 5123 homines?
1128 5074 1281 5146 quorum
1295 5065 1504 5143 conspectus
1517 5073 1582 5121 nos
1603 5056 1901 5128 commonefacere
1921 5059 1966 5127 dc
1988 5081 2110 5150 preca.

83 5153 185 5230 Huic
198 5154 389 5228 obiectioni
405 5177 506 5245 saepe
524 5152 561 5222 in
578 5153 711 5224 nostris
731 5153 869 5244 scriptis
891 5167 926 5224 et
944 5175 1079 5222 sermo-
1128 5152 1226 5222 tione
1240 5151 1400 5226 debebat.
1434 5147 1484 5222 Et
1503 5151 1542 5220 in
1555 5153 1762 5227 recitatione
1775 5155 1938 5250 Symboli
1952 5183 2033 5230 cum
2046 5163 2108 5232 sd-

85 5259 199 5331 nibus
227 5257 495 5348 respondemus:
532 5255 701 5326 mandato
733 5251 802 5326 Dei
835 5254 1079 5344 obtemperare
1129 5249 1299 5344 spicimus
1320 5265 1478 5323 nostram
1501 5252 1779 5326 imbecillitatem
1803 5269 1839 5327 et
1864 5259 2112 5346 dubitationes,

85 5381 213 5432 omnes
234 5379 372 5428 neccsse
395 5368 464 5442 est,
496 5349 545 5428 Et
565 5350 654 5429 hacc
674 5357 749 5448 ipsa
775 5355 935 5450 quamvis
956 5354 1080 5445 exigua
1132 5354 1254 5425 crebra
1276 5353 1471 5446 repetitone
1494 5353 1752 5531 aigrglscimus
1774 5381 1840 5430 nos
1863 5361 1906 5432 sd
1928 5363 2112 5455 cogitanda
2158 5430 2162 5442 ,
