4688 5816
86 237 161 328 cco
662 241 1095 328 artsrocxnu‘u
1145 243 1249 326 ura.
1275 245 1359 326 xn
1412 249 1543 330 reso.
1638 333 1646 355 ,
2052 253 2130 332 sto

91 437 287 498 saturante
303 433 518 495 contentum
534 409 884 526 Ratisponensemi).
928 423 1086 496 Maxime
1135 412 1228 494 mus.
1277 418 1420 493 Servari
1442 424 1551 514 igitur
1571 450 1637 496 nos
1659 451 1679 498 a
1700 427 1774 501 filio
1791 427 1859 500 Dei
1881 442 2057 522 petamus,
2088 441 2124 501 et

90 529 245 620 optarim
268 529 391 596 doctos
411 540 445 598 et
470 527 585 596 honos
602 528 699 600 viros
714 529 854 620 placide
875 531 919 598 de
938 529 1086 624 quibus-
1136 545 1315 615 speremus
1338 547 1419 596 eum
1441 529 1687 600 exauditurum
1705 555 1779 602 esse
1801 533 1951 622 gemitus
1970 545 2123 617 nostros.

90 631 172 702 dam
191 627 441 700 contmversiis
457 627 624 724 colloqui.
657 628 730 700 Nec
745 631 873 702 melius
889 631 1084 726 quidquam
1137 625 1199 718 qui
1219 625 1389 712 affirmet,
1421 651 1458 697 se
1482 629 1532 699 sic
1556 647 1690 720 gestare
1713 629 1905 704 Ecclesiam
1931 656 2048 720 suam,
2080 645 2122 704 ut

90 731 238 821 cogitari
253 744 367 821 potest
381 731 558 800 bonorum
577 745 609 802 et
623 731 810 804 doctorum
826 757 1018 818 consensu,
1044 747 1085 804 ut
1135 740 1254 817 pastor
1276 727 1314 794 in
1337 730 1471 818 gremio
1494 734 1642 803 tenellos
1664 757 1772 824 agnos
1787 751 1896 825 gestat
1910 758 2030 806 recens
2044 734 2121 804 edi-

89 835 129 902 in
157 833 319 902 versibus
348 832 504 926 antiquis
530 858 619 926 quos
640 831 742 906 Plato
766 835 909 926 recitat,
942 835 1084 920 dicitur,
1136 841 1200 898 tos.
1249 825 1348 898 Bene
1361 845 1394 902 et
1410 831 1560 902 feliciter
1573 837 1667 915 vale,
1694 838 1871 906 carissime
1883 839 2007 907 irater.
2048 835 2136 906 Pro·

90 961 180 1029 quos
209 934 407 1004 adscribam
432 934 514 1028 quia
542 936 614 1006 seio
641 932 900 1010 celsitudinem
930 953 1081 1012 vestram
1134 930 1248 999 xeniis
1266 932 1336 1002 tuis
1356 945 1391 1003 et
1414 935 1525 1003 debeo
1546 949 1580 1004 et
1596 932 1709 1006 habeo
1726 941 1892 1026 gratiam,
1923 940 1984 1008 sed
2005 939 2120 1008 multo

89 1037 225 1110 talibus
238 1037 385 1128 gemmis
402 1035 571 1107 delectari

324 1164 362 1234 οὐ
381 1165 500 1250 χρυσὸς
521 1163 637 1250 ἀγλαός

327 1265 400 1332 out’
423 1263 549 1350 ἀδάμας

324 1367 424 1444 οὕτως
442 1368 609 1455 ἀστράπτῃ
630 1369 711 1456 πρὸς
729 1367 807 1457 ὄψιν

324 1466 367 1545 ὥς
388 1468 520 1555 ἀγαθῶν
543 1467 669 1554 ἀνδρῶν

323 1567 541 1656 ὁμοφράδμων
562 1564 679 1655 νόησις.

166 1695 239 1768 Sed
259 1694 298 1762 in
311 1715 439 1782 magno
454 1707 630 1764 conventu
647 1717 753 1786 quam
768 1695 956 1768 dissimiles
977 1696 1081 1767 multi

86 1795 303 1871 conventuri
334 1807 449 1865 essent
481 1795 709 1883 cogitandum
737 1811 799 1872 est.
857 1795 936 1870 Oro
962 1813 1079 1870 autem

85 1903 203 1972 filiurn
230 1897 307 1980 dei,
342 1909 384 1966 ut
417 1908 453 1966 et
481 1893 658 1966 Ecclesias
684 1909 717 1968 et
744 1899 929 1992 Principes
955 1914 990 1970 et
1015 1925 1081 1970 nos

87 2025 214 2074 omnes
240 2000 428 2089 gubernet,
461 2010 494 2064 et
519 2011 634 2068 servet
658 1999 904 2074 celsitudinem
927 2015 1080 2075 vestram

87 2104 319 2174 incolumem.
374 2096 442 2168 Die
458 2099 519 2172 22·
536 2095 704 2169 Ianuarii.

343 2215 559 2290 Celsitudini
575 2233 711 2290 vestrae

750 2309 913 2392 addictus

593 2416 784 2516 Philippus
802 2420 1028 2497 Melautbon.

95 2797 168 2870 No.
186 2793 300 2868 6916.

89 2896 307 2931 Μ

914 2805 973 2872 25.
989 2800 1055 2870 len.

900 2893 1071 2926 m

442 2979 512 3066 Μ.
540 2979 732 3084 Collc'no.

157 3154 183 3224 †
198 3151 236 3206 Ex
249 3169 344 3224 apogr.
355 3151 384 3206 ia
397 3151 461 3208 cod.
473 3151 558 3207 Paris.
574 3151 611 3210 D.
621 3152 654 3211 L.
668 3152 702 3210 54
708 3152 730 3208 ⁸.

189 3303 441 3380 Malthace
467 3303 682 3392 Collina,
710 3307 751 3382 ia
769 3306 973 3385 Academia

484 3406 680 3507 Pragcasi.

82 3549 137 3640 S.
163 3561 209 3637 D.
260 3560 462 3634 Clarissima
493 3563 557 3661 vir.
576 3577 610 3634 et
641 3562 819 3652 carissime
846 3563 964 3638 irater.
1017 3566 1081 3647 Εἰς

83 3661 224 3758 ὄμματ’
259 3663 371 3738 εὔνου
404 3659 530 3760 φωτὸς
563 3661 762 3758 εἲςβλέπειν
785 3659 926 3762 γλυκύ,
961 3667 1079 3760 inquit

81 3765 291 3858 Euripides.
340 3763 541 3858 Conspectu
564 3767 673 3855 igitur
689 3781 724 3838 et
740 3768 888 3837 eruditis
904 3770 1079 3838 sermoni-

82 3873 157 3941 bus
176 3861 356 3938 Tlcaddci
372 3869 476 3938 valde
501 3869 663 3940 delectati
687 3891 809 3955 sumus
831 3891 894 3958 ego
909 3881 952 3940 et
972 3893 1080 3960 gener

82 3993 203 4056 meus,
236 3963 424 4044 Peuceras.
474 3968 522 4040 Et
546 3993 751 4064 quanquam
777 3994 896 4040 coram
921 3971 993 4042 frui
1016 3986 1077 4043 tuo

82 4086 278 4164 conspectu
302 4097 375 4142 non
401 4071 600 4162 potuimus,
632 4084 749 4142 tamen
773 4085 807 4142 ct
831 4085 951 4142 mente
966 4089 1000 4143 te
1020 4074 1078 4143 in-

82 4177 295 4252 tuebamur,
326 4187 359 4243 et
381 4174 425 4242 de
447 4187 483 4242 te
503 4173 616 4242 multa
642 4173 918 4243 sciscitabamur.
967 4173 1077 4245 Mitto

81 4277 155 4349 tibi
183 4275 351 4366 pagellas,
392 4299 482 4370 quae
511 4273 627 4361 studia
659 4270 871 4347 Academiae
897 4287 1079 4376 utcunque

82 4379 292 4449 ostendunt·
342 4372 551 4466 Significant
572 4375 677 4446 etiam
703 4391 840 4446 nostras
864 4374 1077 4448 sollicitudi-

82 4502 150 4548 nes
164 4477 384 4548 deveniente
400 4497 494 4546 anno
503 4469 572 4568 ¹⁴),
604 4477 666 4570 qui
682 4491 722 4548 ut
733 4479 818 4548 felix
835 4491 870 4548 et
884 4479 1019 4549 faustus
1033 4481 1078 4551 sit

81 4577 265 4654 Ecclesiae
279 4577 347 4650 Dei
362 4593 395 4650 et
405 4579 480 4670 ,piis
492 4579 636 4650 familiis
650 4579 786 4674 ubique
800 4592 836 4650 et
857 4579 922 4650 tibi
945 4593 979 4661 et
995 4594 1076 4652 tuae

81 4683 299 4756 domesticae
325 4679 504 4752 Ecclesiae
530 4681 635 4750 iaciat
666 4681 762 4750 iilius
785 4677 870 4766 Dei,
902 4681 965 4774 qui
997 4683 1076 4752 ideo

81 4807 237 4854 massam
260 4775 408 4854 humani
433 4781 571 4873 generis
593 4785 775 4865 assumsit,
799 4795 841 4854 ut
855 4797 921 4852 uam¹
936 4783 1076 4872 fragiles

80 4888 238 4957 insertos
260 4908 342 4956 suae
366 4907 499 4956 massae
528 4897 697 4976 tanquam
720 4884 881 4956 surculos
905 4899 1021 4959 servet
1043 4899 1078 4956 et

82 4989 270 5078 gubernet.
310 4984 476 5059 Humana
494 4986 670 5080 praesidia
685 4985 787 5068 nulla
802 5009 954 5082 usquam
967 4981 1077 5058 habe-

615 5100 816 5169 t

118 5257 149 5325 2)
167 5255 265 5310 Mense
282 5255 388 5311 Martio
406 5255 472 5309 anni
493 5255 569 5310 1666.
1018 5265 1027 5273 “

118 5343 147 5412 ‘)
171 5342 220 5398 Est
244 5361 355 5408 carmen
378 5360 393 5394 s
418 5339 534 5408 Rectore
552 5339 713 5404 Academiae
739 5337 840 5408 editum
866 5339 895 5396 d.
912 5341 956 5398 25.
973 5340 1075 5410 Deebr.

157 5413 249 5476 1555..
266 5410 339 5483 quod
361 5409 459 5480 legitur
477 5408 506 5462 in
524 5402 638 5480 Scriptis
655 5409 734 5483 publ.
749 5411 836 5468 Aced.
853 5409 945 5478 1211..

1134 1033 1302 1102 maiorem
1329 1034 1580 1123 gratitudinem
1604 1063 1669 1130 pro
1694 1053 1863 1130 perpetua
1883 1055 1942 1110 tua
1960 1061 2039 1129 erga
2062 1062 2120 1108 me

1135 1133 1376 1205 benevolentia
1400 1136 1463 1224 tibi
1487 1140 1612 1210 debeo.
1664 1139 1840 1212 Fruamur
1865 1155 1982 1212 autem
1998 1154 2120 1212 nostra

1134 1234 1287 1305 amicitia
1313 1236 1494 1330 aliquanto
1527 1255 1606 1330 post
1630 1243 1768 1311 dulcius
1798 1243 1836 1310 in
1863 1243 2120 1314 consuetudine

1134 1339 1292 1407 coelestis
1311 1334 1488 1410 Ecclesiae
1515 1342 1609 1412 iuter
1633 1359 1772 1415 nostros
1792 1348 1972 1429 doctores,
2005 1345 2119 1415 lilium

1134 1439 1217 1523 Dei,
1240 1433 1439 1530 prophetas,
1466 1445 1642 1534 apostolos
1659 1459 1693 1514 et
1710 1447 1858 1534 collegas
1874 1470 2010 1531 eorum,
2028 1469 2119 1539 quo-

1133 1564 1211 1610 rum
1237 1543 1394 1631 prolecto
1411 1544 1587 1636 colloquia
1605 1563 1745 1635 expeto,
1770 1571 1897 1640 meque
1916 1571 1957 1616 ex
1977 1543 2118 1616 hacre-
2212 1537 2220 1552 ’

1132 1643 1190 1712 bie
1208 1643 1431 1731 ingeniorum
1448 1638 1554 1715 huius
1569 1649 1676 1717 seculi
1694 1649 1837 1718 liberari
1855 1662 1950 1740 opto.
1984 1647 2119 1720 lterum

1132 1745 1220 1816 vale.
1270 1743 1342 1812 Die
1358 1747 1418 1820 23.
1436 1743 1611 1834 ianuarii,
1641 1745 1748 1824 1556.
1800 1749 1956 1822 Salutem
1973 1765 2056 1842 opto
2072 1747 2119 1822 D.

1135 1839 1279 1914 Adamo
1293 1859 1327 1916 et
1342 1847 1420 1916 aliis
1434 1849 1574 1936 amicis,
1599 1875 1639 1922 ac
1659 1853 1846 1944 praecipue
1856 1850 1904 1928 D.
1919 1845 2105 1950 Grispcclc.

1138 2062 1473 2076 emt—tuq·-

1144 2219 1211 2294 No.
1229 2218 1342 2292 5919.

1136 2317 1350 2358 Μ

1472 2409 1523 2492 V.
1551 2409 1783 2500 Richtcao.

1200 2567 1221 2632 ·1·
1239 2563 1277 2618 Ex
1294 2567 1433 2646 apognin
1451 2571 1515 2627 eod.
1535 2571 1672 2630 Mebuert.
1689 2593 1735 2631 uo.
1748 2573 1774 2630 4.
1793 2595 1820 2649 p.
1830 2576 1857 2635 1.
1916 2554 1918 2558 Ι

1134 2716 1180 2797 V
1176 2719 1360 2794 sacrando
1385 2725 1481 2814 uiro,
1519 2725 1686 2802 Domino
1710 2725 1779 2829 [V
1780 2732 1847 2805 ito
1871 2729 2122 2840 Richtcro]

1134 2819 1286 2896 Pastori
1307 2824 1497 2899 Ecclesiae
1512 2827 1593 2900 Dei
1612 2831 1651 2902 ia
1672 2833 1758 2904 urbe
1770 2833 1964 2910 Damasco
1977 2834 2118 2938 [Dom-

1408 2927 1606 3030 mitzsch],
1631 2935 1751 3006 amica
1766 2963 1846 3026 sao,

1132 3062 1179 3150 S.
1205 3073 1250 3152 D.
1301 3073 1513 3151 Veneranda
1526 3083 1671 3152 domine
1686 3083 1820 3158 Pastor.
1870 3089 2037 3162 Narravit
2052 3115 2120 3162 no-

1132 3173 1258 3248 bisbis
1283 3174 1507 3278 Wolsgaag
1526 3208 1550 3252 a
1565 3177 1790 3274 Rotschritz,
1816 3205 1921 3262 natus
1937 3207 2035 3284 patre
2052 3217 2119 3263 no-

1110 3359 1113 3366 *
1132 3281 1209 3362 bili,
1236 3280 1299 3374 qui
1315 3296 1418 3354 autea
1431 3285 1469 3354 iu
1484 3281 1682 3357 Anhaltina
1696 3291 1833 3361 ditione
1848 3317 1957 3386 prope
1970 3291 2118 3364 Dessam

1131 3384 1221 3451 rexit
1243 3379 1455 3471 Ecclesiam,
1489 3389 1681 3460 desiderari
1703 3393 1893 3464 diaconum
1925 3399 2019 3487 apud
2045 3417 2119 3471 vos.

1131 3482 1215 3554 Fuit
1237 3485 1444 3577 aliquandiu
1471 3487 1509 3557 in
1535 3491 1733 3562 calamitate
1759 3517 1832 3563 nou
1863 3521 1981 3588 parva.
2033 3494 2119 3567 ldeo

1131 3609 1215 3667 oro,
1241 3599 1281 3656 ut
1299 3587 1486 3678 cidiaconi
1508 3591 1663 3660 officium
1681 3594 1858 3668 tribuatis.
1907 3596 2020 3688 Spero
2042 3600 2118 3669 sore

1130 3683 1352 3784 obedientem
1368 3690 1488 3770 vobis,
1513 3704 1548 3763 et
1563 3695 1771 3779 modestum,
1798 3711 1831 3767 et
1847 3697 1887 3766 in
1901 3700 2016 3769 officio
2033 3701 2118 3770 dili-

1130 3800 1281 3886 geutem.
1313 3785 1411 3860 Beue
1427 3791 1552 3864 valete.
1583 3792 1651 3868 Die
1667 3795 1794 3866 ultimo
1807 3797 1966 3870 Ianuarii
1984 3797 2096 3876 1656.

1622 3907 1810 4006 Philippus
1831 3914 2057 3990 Melanthea.

1180 4023 1314 4114 Scripsi
1333 4027 1454 4096 eadem
1470 4029 1515 4098 de
1536 4052 1574 4098 re
1598 4032 1642 4098 ad
1661 4029 1830 4104 Senatum
1848 4049 2017 4109 vestrum.

1230 4124 1341 4197 Mitto
1354 4129 1456 4200 vobis
1472 4144 1505 4201 et
1521 4132 1656 4201 scribae
1671 4135 1837 4223 pagellas.

1119 4327 2116 4365 ·-···--—----··--—---------.

1132 4462 1195 4546 No.
1210 4459 1323 4534 5920.

1141 4558 1307 4588 m

1963 4492 1993 4552 1.
2005 4486 2091 4550 Febr.

1937 4573 2113 4608 w

1478 4651 1545 4740 Io.
1573 4654 1775 4744 Belloio.

1195 4807 1388 4952 Selqetkpput.
1402 4833 1430 4888 p.
1442 4813 1505 4913 684.
1539 4815 1626 4888 Epist.
1644 4817 1693 4872 lib.
1705 4819 1730 4874 1.
1747 4839 1774 4888 p.
1787 4819 1845 4876 167.
1864 4823 1920 4892 (esi.
1931 4823 2020 4882 Laud.
2038 4827 2088 4884 lib.
2097 4825 2119 4888 1.

1127 5023 1450 5108 Reverendissimo
1471 5029 1638 5104 Domino
1667 5025 1879 5113 cardinali
1904 5039 2125 5120 Iohanni

1144 5141 1189 5164 ‘¹'
1230 5129 1280 5204 ‘B
1288 5131 1332 5204 el
1338 5131 1355 5204 l
1362 5135 1414 5204 ai
1421 5159 1460 5217 o,
1486 5133 1675 5235 Episcopo
1691 5133 1920 5234 Parisieasi,
1943 5157 2006 5224 cic.

1127 5265 1178 5354 S.
1205 5284 1254 5357 D.
1304 5281 1552 5356 Reverendis's.
1584 5284 1755 5378 Domine,
1780 5287 1842 5365 ·Et
1872 5297 2022 5369 memini
2051 5301 2122 5373 viri

1126 5385 1295 5478 sapientis
1308 5399 1346 5461 et
1358 5387 1444 5458 boni
1462 5389 1515 5461 tui
1528 5391 1649 5462 fratris
1664 5393 1825 5477 consilia,
1850 5411 1885 5470 ct
1899 5401 2004 5473 doleo
2020 5425 2123 5500 spre*
