4688 5816
65 247 150 342 691

67 417 269 557 Q.

887 433 945 497 19.
963 421 1053 491 um.

878 511 1049 552 Μ

343 551 346 558 ’
374 623 453 713 lic.
482 624 760 739 Agricolae.

140 801 712 950 atlanti..
726 803 763 861 ¹¹·
842 804 977 876 a...

68 1022 300 1104 Clarissimo
322 1032 400 1104 viro
420 1027 623 1104 eruditione
645 1039 678 1104 et
697 1030 826 1103 virtute
841 1027 1063 1129 praestanti,

69 1131 284 1230 Georgia
317 1132 583 1230 Agricolae,
606 1132 835 1229 gubernanti
852 1128 981 1204 studia
998 1127 1064 1202 do-

69 1239 213 1311 ctrinae
229 1238 269 1308 in
287 1235 430 1334 inclyta
453 1235 539 1309 urbe
557 1231 693 1310 Norici
709 1232 915 1331 Amberga‚
938 1233 1065 1336 fratri

367 1363 436 1412 suo
451 1337 647 1411 carissimo
669 1337 706 1413 S.
721 1339 769 1414 D.

68 1477 295 1567 charissime
315 1481 474 1584 Georgi,
505 1487 619 1563 Unica
643 1501 696 1562 est
717 1487 852 1560 familia
874 1487 912 1558 in
936 1511 1062 1579 genere

66 1587 228 1662 humano
244 1592 392 1686 reliqua,
417 1607 563 1684 paterna
579 1591 716 1681 origine
730 1581 1062 1685 aCaroloMagno

69 1707 169 1778 orta,
202 1694 336 1769 familia
359 1691 499 1765 Ducum
514 1687 709 1764 Bouariac
732 1706 767 1764 et
785 1687 1062 1779 Palatinorum,

68 1797 107 1864 in
126 1820 196 1889 qua
210 1809 262 1866 tot
279 1796 349 1866 iam
364 1797 490 1866 seculis
508 1797 613 1868 multi
630 1795 814 1886 Principes
831 1795 936 1866 laude
959 1795 1060 1887 digni

67 1899 228 1970 luerunt.
280 1894 323 1968 ln
346 1893 402 1967 his
421 1899 566 1970 luerunt
589 1913 623 1972 et
650 1897 776 1970 iratres
790 1889 1004 1967 Ludooicus
1027 1911 1062 1970 et

66 1991 307 2086 Fridcricus,
331 1999 466 2090 patriae
478 2001 660 2086 salutares,
686 2023 838 2094 quorum
855 2000 1059 2072 memoriam

67 2101 162 2192 grati
180 2101 356 2170 celebrare
374 2103 552 2176 debemus.
605 2095 683 2172 Oro
698 2115 816 2171 autern
830 2097 964 2171 Filium
982 2098 1061 2188 Dei,

68 2205 252 2274 custodem
268 2199 447 2274 Ecclesiae
462 2225 562 2290 suae,
584 2217 624 2276 ut
638 2203 810 2293 gubernet
825 2225 1058 2274 successorem

69 2297 334 2390 Olbenricum‚
366 2317 402 2377 et
425 2303 607 2376 confirmet
629 2305 668 2374 in
692 2328 734 2374 eo
755 2305 914 2396 corporis
931 2317 965 2376 et
980 2303 1060 2374 ani-

67 2432 147 2477 mae
170 2407 274 2479 vires.
326 2405 499 2498 Magnum
522 2408 657 2477 bonum
671 2417 740 2487 est,
774 2419 808 2477 ct
825 2407 948 2478 multis
963 2407 1058 2476 salu-

67 2525 144 2580 tare
161 2509 277 2578 bouus
288 2505 469 2600 Princeps.
522 2506 642 2598 Quare
658 2506 837 2598 gratitudo
852 2507 896 2578 iis
910 2509 1059 2578 debetur

66 2613 131 2706 qui
149 2609 280 2682 virtute
303 2609 555 2686 excelluerunt.
606 2608 660 2680 Te
682 2633 830 2706 quaeso,
857 2623 898 2682 ut
919 2611 963 2680 de
986 2610 1058 2679 ini-

65 2714 128 2783 tiis
153 2711 422 2802 gubernationis
447 2707 540 2782 mihi
564 2712 706 2782 mribus.
770 2709 880 2783 Mitto
903 2711 1057 2804 pagellas

67 2813 135 2884 tibi
150 2828 181 2882 et
200 2813 405 2904 Quaestori,
439 2826 473 2883 et
489 2811 592 2882 vobis
609 2811 775 2882 omnibus
791 2813 939 2884 salutern
959 2828 1056 2906 opto.

67 2914 290 2988 Commendo
318 2915 385 2984 tibi
410 2909 673 2984 Sebastianum
701 2910 929 3012 [Eringium
954 2930 1055 2986 tuum

66 3019 211 3090 affinem
223 3011 290 3112 ¹)],
331 3030 366 3087 et
389 3029 440 3097 te,
478 3015 507 3086 si
530 3017 670 3088 labores
690 3012 917 3088 scholasticos
939 3031 1055 3088 tecum

67 3119 275 3202 sustinebit,
309 3118 391 3188 volo
418 3110 669 3216 ipyodeuinrnu
693 3141 776 3190 esse.
841 3113 991 3190 Gaudeo
1016 3111 1055 3188 in

65 3217 209 3294 Norico
221 3215 399 3290 Ecclesiae
422 3243 525 3290 verae
547 3220 715 3316 reliquias
736 3243 828 3308 esse,
858 3235 892 3292 et
907 3235 946 3294 ut
964 3245 1056 3292 sem-

63 3347 130 3418 per
146 3323 240 3414 apud
256 3346 337 3406 vos,
362 3320 449 3390 etin
466 3333 539 3392 tota
559 3323 674 3414 patria
689 3335 809 3393 nostra
826 3321 969 3414 colligat
985 3315 1056 3392 Eo·

63 3425 209 3498 alesiam
226 3421 340 3493 Filius
354 3419 441 3510 Dei,
467 3435 542 3495 toto
560 3447 643 3496 eum
663 3437 803 3516 pectore
826 3448 902 3496 oro.
955 3419 1053 3516 Opto

64 3527 173 3598 etiam
195 3537 235 3597 ut
248 3525 485 3595 adolescentes
502 3523 550 3595 ita
567 3525 706 3596 discant
721 3539 755 3596 et
768 3524 914 3609 vivant,
938 3539 979 3596 ut
994 3550 1054 3597 or·

62 3641 153 3698 nent
169 3623 381 3712 Ecclesiam,
414 3639 448 3696 et
469 3625 639 3720 patriam,
670 3638 706 3698 et
725 3637 765 3698 ut
780 3619 960 3699 Noricum
984 3621 1053 3696 iam

64 3729 196 3802 clarius
219 3728 264 3800 sit
288 3729 439 3820 pietate,
465 3752 573 3822 quarn
596 3727 683 3798 olim
705 3727 810 3800 suita
829 3723 945 3798 Venis
959 3728 1056 3815 ferri,

63 3853 147 3903 cnm
171 3827 356 3902 Homerus
387 3827 472 3900 inde
498 3829 699 3900 nominavit
721 3821 877 3926 νώροπα
900 3821 1055 3923 χαλκόν.

62 3931 165 4004 Bene
193 3931 289 4018 vale,
322 3943 357 4002 et
380 3931 547 4003 rescribe.
603 3928 672 4002 Die
695 3929 836 4004 Coenae
857 3925 991 4004 Christi
1015 3931 1055 4002 in

63 4029 244 4106 Bethania
268 4035 361 4125 apud
385 4027 587 4119 Martham,
619 4047 655 4106 et
676 4035 769 4122 apud
795 4031 1055 4126 Magdalenam,

63 4153 100 4210 et
117 4135 215 4234 apud
236 4133 410 4206 Lazarum
423 4127 466 4232 ²).
517 4129 647 4234 [Anno
665 4129 773 4308 155ῗ)
775 4129 840 4308 ᾗ
948 4233 991 4306 M

801 4258 935 4331 rrppus
993 4288 1004 4312 .

640 239 1079 326 uetsrouattutu
1104 239 1345 324 tutent
1397 243 1534 326 1156.

2030 239 2105 319 098

1152 408 1357 513 Georgia
1381 411 1627 506 Fabricio,
1656 415 1884 514 gubernanti
1902 409 2071 490 sobolom

1484 516 1730 600 Misnensern.

1014 651 1016 654 ’
1117 631 1341 726 charissime
1356 654 1476 729 irater.
1508 653 1622 726 Nemo
1637 655 1806 747 aspiciens
1822 653 1980 726 Genesin
1995 665 2105 732 tuam,

1117 779 1206 848 quae
1224 757 1395 846 plurimas
1411 752 1520 828 habet
1533 757 1805 848 significationes
1821 753 2014 834 suavitatis,
2041 743 2105 822 acti

1115 859 1193 929 τῶν
1202 853 1388 954 χαρίτων,
1415 861 1591 945 crederet,
1617 875 1712 930 tuam
1740 883 1812 930 esse
1838 857 2038 950 epistolam,
2063 853 2104 922 in

1116 983 1185 1052 qua
1201 961 1245 1028 ad
1263 985 1319 1028 me
1334 961 1480 1042 scribis,
1505 975 1539 1032 te
1555 986 1628 1030 uon
1643 977 1824 1053 expertum
1842 983 1932 1046 esse,
1958 957 2044 1051 quid
2059 953 2105 1023 sit

1115 1083 1227 1136 amor.
1286 1061 1356 1132 Sed
1381 1064 1552 1155 tantisper
1575 1065 1735 1148 credam,
1774 1067 1888 1133 donec
1912 1056 2103 1129 convenie-

1115 1185 1212 1242 mus,
1239 1157 1269 1231 I
1267 1155 1476 1250 oocbimus,
1503 1179 1541 1236 tu
1555 1177 1589 1235 et
1605 1187 1679 1254 ego.
1731 1163 1820 1234 Nam
1837 1177 1871 1233 et
1886 1153 2105 1232 Ioocbimus

1115 1263 1217 1333 irasci
1240 1287 1276 1333 se
1301 1279 1415 1355 negat.
1473 1265 1585 1337 Stoici
1607 1289 1763 1336 amorem
1788 1289 1862 1335 nou
1887 1265 2038 1345 tollunt,
2070 1267 2105 1329 et

1115 1365 1358 1436 definitionem
1381 1368 1544 1437 tradunt:
1576 1365 1668 1462 ἔρως
1687 1367 1763 1438 ἐστι
1779 1360 1932 1460 ἐπιβολὴ
1948 1369 2104 1459 φιλοπο-

1113 1461 1197 1546 νίας
1222 1462 1284 1540 deci
1309 1461 1466 1550 κάλλους
1489 1465 1781 1566 ἐμφαινομέιιου.
1833 1467 1903 1538 Hic
1925 1467 2030 1536 nobis
2047 1465 2105 1532 in·

1113 1581 1265 1658 terprete
1283 1565 1311 1638 Ι
1310 1563 1479 1640 oaebimo
1496 1594 1586 1664 opus
1603 1573 1688 1653 erit,
1715 1571 1801 1664 quid
1821 1569 2007 1640 nominent
2028 1565 2106 1638 ἐπι-

1111 1665 1240 1764 βολὴν.
1293 1671 1362 1742 Sed
1381 1666 1468 1742 haec
1481 1697 1577 1744 nunc
1595 1674 1732 1746 omitto.
1770 1670 2022 1744 Rectissimum
2039 1679 2105 1752 est,

1113 1771 1206 1841 cives
1219 1785 1318 1856 tuos,
1344 1797 1434 1868 quos
1449 1777 1493 1844 ad
1509 1799 1565 1844 me
1580 1775 1728 1856 misisti,
1753 1787 1870 1864 petere
1885 1773 1924 1844 iu
1940 1771 2039 1856 aula,
2063 1783 2105 1840 ut

1113 1873 1268 1944 leniatur
1282 1877 1461 1946 decretum
1476 1871 1645 1972 ἐπιεικείᾳ
1661 1874 1851 1967 Principis.
1881 1871 1963 1944 lure
1978 1872 2103 1942 divino

1113 1997 1315 2047 concessum
1339 1976 1444 2048 estin
1462 2001 1504 2050 eo
1518 1980 1630 2067 gradu
1649 1976 1854 2067 coniugium
1869 1971 1922 2070 ¹).
1958 1971 2007 2052 Et
2022 1987 2105 2044 sune

1112 2078 1313 2168 probabiles
1335 2099 1459 2150 causae
1483 2078 1715 2170 mitigationis
1736 2078 1774 2147 in
1797 2073 1865 2148 hoc
1880 2079 1993 2161 facto,
2018 2099 2106 2169 quas

1112 2177 1151 2248 in
1173 2179 1306 2270 pagella
1332 2179 1475 2272 scripsi,
1502 2203 1609 2276 quam
1633 2181 1712 2252 misi
1729 2175 1892 2266 Albino,
1918 2201 2024 2272 quam
2046 2177 2106 2246 in-

1111 2281 1254 2350 cludere
1268 2281 1431 2374 petitioni
1449 2297 1607 2372 possunt.
1649 2281 1784 2374 Scripsi
1803 2283 1966 2352 etiamad
1985 2280 2104 2350 virum

1110 2378 1375 2470 Clarissimum,
1399 2377 1681 2468 Mordisinum,
1717 2384 1814 2478 quod
1839 2407 1880 2453 eo
1905 2382 1997 2464 foci,¹
2019 2380 2104 2474 quia
2157 2375 2160 2380 ¹

1109 2484 1154 2552 ad
1170 2481 1374 2576 Principem
1389 2485 1519 2556 rectius
1537 2499 1607 2565 est,
1634 2487 1730 2578 ipsos
1745 2485 1922 2576 supplices
1939 2483 2104 2556 scribere.

1109 2581 1158 2656 Et
1172 2609 1239 2656 nos
1253 2587 1432 2658 decretum
1450 2611 1565 2677 nuper
1582 2587 1741 2672 fecimus,
1766 2599 1807 2656 ut
1823 2585 2104 2677 dispensationes

1110 2685 1149 2755 in
1167 2687 1247 2758 aula
1266 2701 1445 2780 petantur.
1483 2687 1556 2758 Nec
1571 2703 1689 2759 tamen
1705 2711 1848 2774 recurso,
1875 2687 1999 2778 etipse
2015 2686 2104 2755 scri-

1109 2789 1191 2860 bere
1207 2791 1250 2860 ad
1267 2787 1491 2880 Principem,
1521 2789 1551 2860 si
1570 2785 1638 2861 hoc
1657 2789 1731 2859 fieri
1750 2789 1945 2860 volueritis.
1997 2785 2104 2858 Nunc

1109 2903 1142 2960 et
1158 2887 1412 2962 continuatori
1424 2889 1454 2990 ³)
1471 2885 1648 2961 Maximi
1662 2886 1869 2959 Aemiliani
1876 2887 1889 2922 ³
1928 2891 2102 2984 quaedam

1107 2992 1235 3082 scripta
1252 2992 1374 3080 mitto,
1399 3005 1434 3064 et
1451 2997 1651 3085 respondeo
1666 2995 1805 3088 captivo
1827 2987 1883 3065 Vc
1900 2989 1969 3070 sio.
2002 2988 2101 3061 Bene

1108 3094 1199 3166 vales

1111 3298 1519 3320 w—

1193 3717 1196 3724 ,
1312 3599 1573 3707 lauricium,
1602 3553 1682 3694 Pr.
1696 3602 1895 3694 Aestate.

1173 3760 1253 3826 Edita
1270 3759 1300 3818 in
1318 3761 1470 3820 flammai
1487 3783 1589 3824 access-
1608 3786 1634 3841 p.
1649 3765 1709 3826 118.

1921 3449 1979 3511 23.
1998 3439 2088 3504 Mart.
2111 3481 2114 3486 ·

1923 3530 2096 3562 Μ

1266 3915 1297 3992 I
1300 3913 1515 3994 oacbiruo
1535 3921 1702 4023 principi
1715 3919 1937 4002 Anbaitino.
2028 3873 2033 3880 Ι

1107 4041 1351 4128 illustrissime
1365 4072 1400 4130 et
1413 4054 1697 4134 Clementissime
1715 4061 1895 4156 Princeps.
1921 4057 1970 4135 Et
1986 4065 2099 4136 debeo

1106 4173 1141 4230 et
1158 4153 1272 4228 haheo
1288 4157 1328 4232 C.
1345 4155 1391 4235 V.
1407 4163 1574 4252 gratiam,
1600 4188 1680 4234 cum
1699 4188 1764 4255 pro
1781 4165 1892 4255 pisce,
1918 4179 1994 4236 tum
2013 4189 2098 4238 vero

1108 4254 1346 4351 multomagis
1361 4287 1425 4355 pro
1441 4280 1607 4355 perpetua
1624 4265 1882 4350 benevolentia,
1908 4293 1947 4336 ac
1963 4264 2097 4337 Filium

1107 4360 1174 4432 Dei
1194 4360 1387 4434 Dominum
1412 4379 1573 4436 nostrum
1597 4362 1714 4436 lesum
1736 4362 1917 4438 Christum
1946 4394 2032 4454 oro,
2058 4383 2099 4439 ut

1106 4461 1147 4536 C.
1166 4463 1208 4538 V.
1223 4477 1337 4534 servet
1352 4461 1586 4552 incolumem,
1614 4481 1645 4536 et
1663 4469 1846 4540 confirmet
1863 4469 1896 4538 ei
1913 4469 2006 4540 vires
2018 4469 2098 4539 aui-

1106 4587 1184 4633 mae
1208 4577 1242 4636 et
1264 4567 1433 4657 corporis.
1483 4565 1592 4638 Mitto
1606 4565 1646 4640 C.
1660 4567 1704 4638 V.
1718 4567 1916 4640 Historiam
1939 4573 1983 4641 de
2005 4575 2098 4642 dun-

1107 4667 1173 4748 bus
1196 4663 1379 4739 Fratribus
1400 4669 1437 4738 in
1458 4665 1603 4760 Belgica
1628 4672 1800 4742 crematis.
1851 4667 1900 4744 Et
1922 4673 2029 4744 audio
2049 4673 2098 4742 si-

1104 4763 1203 4848 mul,
1245 4791 1319 4838 csse
1351 4769 1389 4838 in
1419 4767 1536 4841 Gallia
1558 4771 1707 4862 Legatos
1733 4767 1878 4868 Papae,
1914 4771 2099 4861 Turrinus,

974 4955 977 4962 Ι
1105 4861 1242 4940 Caroli
1254 4883 1288 4940 et
1304 4863 1492 4968 Philippi,
1517 4886 1552 4944 et
1569 4871 1748 4964 Anglicos,
1775 4887 1809 4944 et
1823 4877 1867 4944 de
1882 4899 1968 4966 pace
1983 4899 2096 4964 agere.

95 5271 123 5339 1)
143 5266 254 5322 amnne
266 5263 300 5319 ab
312 5219 421 5332 autogr.

91 5355 158 5424 211.
172 5373 199 5408 e.
215 5353 256 5408 19.
269 5349 354 5406 Mare.

90 5441 122 5516 a
135 5444 243 5502 ΛΜΨ
253 5441 331 5502 'hm
343 5439 378 5498 'bb
390 5445 498 5509 fflw‘f·

1105 4967 1152 5042 Et
1164 4969 1295 5062 Papam
1310 4973 1406 5044 nolle
1420 4974 1558 5045 tradere
1574 4976 1720 5045 fetidum
1737 4973 1855 5065 Regni
1869 4975 2096 5069 Neapolitani

1104 5071 1199 5146 Filio
1211 5065 1366 5162 Caroli,
1388 5075 1459 5145 nisi
1476 5075 1698 5148 rescindatur
1716 5079 1915 5163 decretum,
1941 5081 2037 5173 quod
2056 5079 2096 5149 in

1104 5207 1329 5230 m

1140 5265 1167 5330 1)
1185 5261 1251 5316 Vid·
1264 5283 1306 5336 ep.
1322 5265 1357 5320 ad
1371 5263 1481 5323 Fabric-
1494 5265 1521 5323 tl.
1536 5266 1577 5326 18.
1592 5268 1672 5340 April
1686 5267 1766 5328 1556.

1003 5413 1004 5417 g
1137 5347 1334 5418 ursanum.

1005 5447 1008 5458 ·
1137 5434 1169 5504 a)
1187 5433 1378 5495 ιιιιιωιιιωι.
