4688 5816
167 207 174 222 '
231 241 308 322 ru
656 353 658 358 g
704 192 711 212 '
811 221 1245 310 ratsrosanuu
1293 221 1515 314 muru
1568 223 1701 324 taso.
2191 223 2265 300 aa
2335 179 2336 212 ¹

229 415 295 489 tto.
310 409 426 488 5976.
1072 417 1109 482 t.
1124 403 1212 474 lidi.
1277 427 1336 474 cac
1352 404 1648 496 gubernationem
1664 415 1887 500 praeparant.
1939 399 1993 478 Ac
2015 399 2209 498 praecipue
2226 399 2264 470 in

235 511 445 546 Μ
1052 497 1224 532 '⁴⁰‘
1279 505 1366 577 viris
1383 507 1565 579 nobilibus
1583 503 1670 580 haec
1687 531 1770 580 cura
1788 529 1956 599 magnum
1972 507 2080 576 decus
2095 518 2160 580 cst.
2194 499 2265 574 lto-

545 605 614 696 10.
645 601 912 691 ΜαῆῙιθείο.
986 657 991 668 ·
1275 631 1345 702 que
1364 609 1422 678 vir
1444 603 1734 696 honestissimus,
1773 621 1879 680 uatus
1903 608 1943 678 in
1965 607 2122 692 familia,
2164 603 2265 674 cuius

301 769 385 844 u
467 765 500 824 t
519 783 546 837 v·
936 779 980 836 a·
1276 709 1581 907 tratura
1594 703 2266 904 ‘zaattttaatzaaat

1484 867 1495 900 ἱ

439 913 730 1000 D‚Iohanni
751 910 1024 994 Mattbesio
1277 911 1433 994 addidit,
1465 914 1657 1001 iustitiam,
1694 929 1730 986 ct
1759 927 1914 986 caeteras
1945 913 2096 984 virtutes
2128 931 2268 992 omnes,

1277 1015 1528 1088 convenientes
1546 1017 1626 1087 viru
1646 1011 1815 1102 honesto,
1840 1029 1876 1086 et
1899 1014 2139 1106 cognitionem
2162 1008 2271 1083 luris.

1277 1113 1441 1212 Cumque
1456 1117 1561 1204 sciat,
1575 1119 1801 1213 praecipuam
1818 1131 1854 1190 et
1868 1117 2020 1200 maxime
2030 1113 2267 1188 necessariam

1278 1217 1448 1290 virtutem
1472 1241 1547 1290 esse
1569 1215 1686 1291 Deum
1709 1233 1802 1292 recte
1822 1219 2005 1290 invocare:
2032 1215 2193 1290 uudiose
2211 1213 2269 1284 di-

1279 1319 1367 1390 dicit
1396 1321 1637 1413 iucurruptam
1658 1318 1840 1394 Ecclesiae
1865 1319 2085 1404 doctrinam,
2117 1337 2268 1408 eamque

1281 1421 1337 1514 pie
1355 1434 1391 1492 ct
1404 1435 1606 1494 constanter
1619 1423 1854 1516 amplectitur.
1904 1417 1954 1494 Et
1968 1420 2079 1492 animi
2097 1419 2266 1510 pietatem

1284 1546 1366 1593 vcra
1383 1522 1627 1610 invocatione,
1651 1523 1690 1593 in
1713 1524 1894 1615 agnitione
1917 1537 1952 1596 ct
1973 1522 2101 1593 fiducia
2116 1517 2269 1591 Domini

1282 1623 1395 1694 nostri
1423 1623 1449 1699 1.
1472 1623 1535 1708 C.,
1562 1637 1597 1696 et
1618 1624 1663 1696 iis
1676 1625 1870 1697 virtutibus
1885 1623 2071 1716 exprimit,
2096 1643 2187 1716 quas
2208 1619 2271 1692 Fi·

1283 1725 1353 1796 lius
1364 1721 1434 1797 Dei
1458 1750 1543 1798 voce
1563 1721 1750 1818 Evangelii
1776 1740 1812 1798 et
1835 1725 1969 1820 Spiritu
1993 1738 2116 1796 sancto
2142 1723 2183 1792 in
2210 1722 2271 1806 iis,

1283 1829 1344 1922 qui
1365 1827 1480 1920 ipsum
1496 1827 1680 1914 invocant,
1706 1829 1880 1906 accendit
1930 1825 2039 1900 Talea
2052 1827 2149 1896 viros
2163 1823 2270 1894 uobi-

235 1065 285 1154 S.
308 1073 354 1148 D.
405 1071 617 1148 Reseranda
637 1069 694 1142 vir
712 1083 748 1142 ct
766 1065 970 1143 charissime
984 1073 1111 1162 irater,
1133 1067 1229 1148 Cum

235 1181 418 1251 videamus
437 1177 609 1270 quosdam
625 1186 761 1244 veteres
775 1171 909 1244 amicos
931 1175 1093 1272 nudique
1107 1190 1229 1271 capta-

237 1307 276 1355 rc
295 1279 496 1350 occasiones
508 1276 620 1366 magis
637 1273 856 1346 dilacerandi
880 1288 1020 1348 nostras
1042 1273 1230 1364 Ecclesiae,

238 1405 307 1454 rsos
328 1377 616 1452 coniunctionem
644 1389 802 1448 nostram
827 1375 962 1448 maiore
988 1379 1107 1450 studio
1130 1393 1230 1453 tuea-

238 1505 335 1558 mur.
393 1479 507 1550 Valde
533 1479 642 1570 igitur
674 1477 827 1570 expetivi
861 1477 1081 1576 colloquium
1115 1495 1231 1570 tuum,

239 1609 280 1656 ac
295 1582 466 1664 libentius
482 1573 660 1680 Dipsium
675 1579 852 1673 proiectus
867 1603 965 1667 sum,
990 1581 1076 1679 quia
1094 1593 1130 1654 te
1151 1607 1232 1677 spc-

239 1685 318 1760 ravi
341 1685 548 1755 adiuturum
573 1704 659 1762 esse,
717 1673 996 1782 Stenckseldius
1018 1685 1233 1758 nominatim

242 1801 366 1859 contra
381 1807 440 1856 me
457 1783 629 1876 scriptum
647 1779 762 1853 edidit
782 1783 827 1852 de
843 1782 1099 1858 diiudicatione
1112 1779 1234 1858 Nori·

245 1883 424 1982 bergensi.
477 1877 619 1956 Gallus
635 1884 674 1956 in
692 1885 769 1980 ripa
784 1879 1232 2008 Istrideliberoarbitriu
1283 1930 1335 2000 le,
1358 1929 1397 1998 in
1425 1930 1683 2022 gubernatione
1707 1929 1839 2002 multo,
1868 1952 1943 2000 „ge
1975 1927 2173 2021 oplandum
2209 1938 2272 2000 δι,

243 1991 377 2068 dicitur
392 2009 532 2106 micum
556 2009 731 2079 pugmoel
756 1989 919 2106 umidum
944 1988 1020 2107 Vidi
1044 1988 1121 2060 εἰη*
1143 2012 1234 2110 ’Ψ
1283 2025 1434 2102 Etcum
1459 2031 1556 2104 Deus
1580 2045 1782 2104 servaturus
1806 2033 1854 2104 sit
1875 2027 2090 2114 Ecclesiam,
2116 2031 2274 2118 'speran-

242 2107 357 2186 ptum.
408 2085 535 2159 Ducam
551 2111 665 2159 meam
685 2099 897 2158 sententsam
915 2088 1068 2162 lidelster
1089 2104 1125 2162 et
1149 2115 1235 2162 srm-

247 2193 406 2288 pliciter,
431 2204 466 2260 ct
484 2189 615 2262 iudicia
633 2189 775 2282 piorum
790 2203 826 2262 et
844 2191 1033 2262 docturum
1051 2191 1090 2260 in
1108 2187 1233 2264 Eccle-

247 2297 298 2366 sia
323 2291 478 2364 audiam.
536 2287 628 2362 Cum
652 2291 792 2362 rediero
816 2291 964 2362 domum
996 2293 1136 2364 mittam
1170 2295 1237 2366 tibi

246 2395 401 2494 pagellas
422 2405 543 2462 nostro
569 2416 686 2479 more,
717 2406 752 2464 et
778 2393 1039 2466 enarrationem
1056 2391 1238 2488 Epistulae

248 2491 367 2569 Pauli
380 2497 423 2566 ad
441 2487 637 2564 Romanos
659 2495 821 2590 scriptae.
871 2485 1039 2594 Corpori
1054 2491 1241 2568 Eberarti

249 2619 439 2689 congressu
454 2597 557 2666 valde
574 2597 736 2668 delectati
757 2619 891 2671 sumus.
943 2591 1023 2670 Oro
1039 2612 1157 2670 autem
1178 2599 1241 2671 Fi-

249 2703 342 2774 lium
357 2695 426 2768 Dei
440 2695 637 2768 Dominum
655 2712 820 2769 nostrum
840 2695 955 2768 lesum
970 2694 1174 2788 Christum,
1200 2716 1242 2774 ut

1285 2135 1467 2217 domest,
1498 2133 1687 2204 seminaria
1714 2133 1832 2228 aliqua
1855 2133 1893 2201 in
1922 2132 2068 2203 familiis
2091 2129 2272 2200 nubilium

1287 2233 1369 2307 talia
1392 2249 1538 2326 propter
1552 2232 1700 2306 Politias
1720 2248 1941 2306 servaturum
1964 2257 2049 2308 csse.
2100 2225 2184 2302 Oru
2212 2254 2275 2300 au·

1286 2349 1356 2407 tem
1377 2333 1509 2406 Filium
1530 2333 1620 2424 Dei,
1644 2335 1840 2408 Dominum
1866 2348 2027 2406 nostrum
2045 2331 2074 2408 l.
2088 2329 2132 2405 C.
2159 2333 2275 2404 cruci-

1287 2437 1395 2506 baum
1419 2461 1484 2530 pro
1505 2436 1631 2530 uobis,
1656 2449 1692 2509 et
1718 2437 1980 2522 resuscitatum,
2004 2435 2192 2506 custodem
2209 2431 2277 2506 Ec-

1289 2538 1414 2610 clesiae
1432 2562 1533 2624 suae,
1559 2554 1601 2610 ut
1616 2535 1713 2610 hunc
1733 2539 1849 2610 virum
1865 2537 2026 2608 nobilem
2038 2527 2277 2606 Ioacbimurn

1290 2665 1314 2710 a
1332 2633 1450 2736 Berge
1469 2641 1660 2732 gubernet,
1685 2653 1720 2712 et
1737 2642 1843 2712 iaciat
1860 2663 1940 2711 eum
1955 2643 2085 2720 σκεῦος
2100 2631 2226 2718 ἐλέους
2247 2651 2278 2705 et

1290 2764 1463 2832 organum
1498 2743 1651 2813 salutare
1681 2765 1765 2814 suae
1797 2743 1938 2814 animae
1973 2755 2007 2812 et
2032 2739 2277 2831 Reipublicae

250 2799 420 2878 Ecclesiis
443 2791 572 2870 harum
597 2799 784 2890 regionum
805 2801 916 2882 adsit,
944 2814 979 2873 et
1001 2823 1059 2872 eas
1079 2815 1243 2896 potenter
1291 2839 1403 2916 Dm
1418 2843 1580 2938 Lipsiae,
1604 2841 1772 2917 calendi,
1790 2841 1901 2928 Maii,
1928 2841 2035 2914 Anno
2052 2836 2166 2916 1556,

253 2916 371 2974 servet
387 2915 423 2972 et
436 2901 628 2992 gubernet,
651 2916 686 2973 et
700 2901 766 2972 tibi
780 2901 873 2974 vires
896 2901 1007 2974 animi
1031 2915 1066 2974 et
1082 2905 1241 2998 corporis

254 3005 452 3076 confirmet.
502 2999 651 3078 Calend.
667 3001 767 3077 Maii.
1814 2989 2005 3088 Philippus
2018 2985 2237 3112 Melanthou

1881 3118 1990 3166 mann
2011 3118 2170 3188 propna.

973 3243 1242 3260 ...m

132 3373 139 3384 ’
255 3385 323 3460 tto.
342 3381 456 3457 69⁷⁷.
1113 3403 1130 3465 t
1159 3392 1235 3458 bisti

149 3483 459 3566 ,Μ
1137 3439 1495 3619 ΨΨ.

581 3583 922 3677 Testimonium

328 3766 365 3822 Er
382 3772 494 3828 auteurs
513 3761 548 3816 bo
563 3761 666 3815 editum
682 3759 710 3814 in
724 3759 991 3838 Pbilepbilipporum
1003 3761 1169 3822 Defectione
1176 3763 1243 3820 Psi.
1256 3727 1261 3736 Ι
1639 3694 1692 3781 θ’
1718 3693 1942 3781 Fabricio·

363 3832 430 3907 lippi
445 3829 493 3887 Mc
507 3829 630 3886 rothonis
645 3847 674 3902 p.
687 3827 729 3886 lb.
748 3830 863 3904 (ιωη.)
1402 3855 1488 3928 ΕΜ
1507 3853 1555 3909 nb·
1570 3853 1606 3908 v·
1623 3871 1651 3925 p·
1665 3851 1764 3926 mm·

457 3995 643 4074 Omnibus
664 3998 810 4077 lecturis
831 4000 904 4079 bas
920 4003 1051 4080 literas
1351 4001 1556 4104 Georgia
1589 4001 1833 4094 Fabricio,
1863 3999 2094 4100 gubernanti
2123 3998 2243 4080 schol.

707 4105 804 4184 Sall.
1695 4104 1882 4182 illisnens.

260 4243 467 4349 Utrumque
483 4252 657 4346 praedixit
679 4277 747 4324 vus
763 4253 906 4338 divina,
933 4257 972 4328 in
993 4253 1060 4328 hac
1081 4257 1250 4349 languida
1302 4225 1513 4340 clarissime
1537 4261 1613 4342 vir,
1645 4273 1680 4332 ct
1702 4253 1847 4334 chariss.
1870 4257 1991 4328 irater.
2050 4247 2104 4328 Eo
2129 4255 2289 4352 Lipsiam

133 4379 135 4384 ·
265 4369 300 4428 et
334 4357 445 4427 delira
471 4355 598 4426 muudi
624 4368 762 4428 senecta
791 4369 825 4428 et
844 4358 982 4431 suturas
1003 4383 1077 4430 esse
1100 4359 1252 4432 maiores
1303 4365 1480 4456 proiectus
1501 4385 1579 4433 sum
1603 4361 1792 4444 libentius,
1828 4361 1923 4454 quod
1948 4373 2139 4454 tequoque
2156 4364 2292 4432 adven-

265 4457 404 4549 generis
420 4453 570 4528 humaui
587 4457 830 4543 confusiones,
855 4484 962 4553 quam
975 4461 1120 4534 luerunt
1134 4477 1252 4552 antea,
1304 4481 1423 4536 turum
1441 4488 1514 4535 csse
1527 4465 1721 4556 sperabam.
1771 4457 1864 4532 Cum
1879 4461 2023 4554 quidem
2040 4484 2113 4530 non
2130 4485 2199 4554 ego
2215 4477 2293 4534 tau-

267 4573 302 4630 et
319 4575 438 4632 tamen
457 4557 589 4628 Filium
604 4555 672 4626 Dei
690 4573 786 4630 certo
801 4561 1032 4636 collecturum
1051 4587 1124 4635 esse
1138 4578 1251 4637 acter-
1304 4581 1402 4652 tum,
1428 4569 1487 4636 sed
1505 4566 1609 4637 etiarn
1627 4563 1689 4635 alii
1707 4561 1810 4632 multi
1833 4561 2051 4656 colloquium
2068 4575 2175 4633 tuum
2191 4589 2294 4660 expe·

268 4684 353 4732 nam
378 4657 572 4730 Ecclesiam
600 4681 685 4728 voce
713 4655 922 4754 Evangelii,
957 4679 992 4738 et
1025 4689 1101 4736 non
1133 4665 1252 4753 aliter,
1305 4681 1394 4742 taut.
1447 4665 1538 4738 lussi
1558 4665 1668 4757 igitur
1690 4659 1786 4736 hunc
1808 4663 2063 4735 adolescentem
2084 4661 2294 4737 Rosvinen-
2335 4679 2336 4768 j

268 4761 376 4834 etiam
399 4763 492 4832 inter
522 4760 754 4851 imperiorum
788 4764 931 4851 ruinas,
962 4769 1076 4838 donec
1102 4767 1253 4842 mortuis
1306 4794 1379 4841 sem
1399 4765 1469 4841 huc
1490 4772 1674 4855 accedere,
1698 4779 1741 4838 ut
1761 4787 1843 4836 eum
1866 4765 2023 4848 videres,
2049 4777 2084 4836 et
2103 4767 2295 4852 iudicares,
2335 4795 2336 4808 ¹

267 4861 474 4934 bominibus
496 4861 665 4932 omnibus
689 4863 796 4933 vitam
818 4867 997 4955 restitnet3
1031 4893 1071 4940 ac
1094 4885 1254 4942 serratu—
1305 4869 1659 4942 anaetassitidunea
1679 4867 1921 4940 adducendos
1945 4867 2125 4936 filiosviri
2152 4872 2296 4954 nobilis,
2335 4897 2336 4952 t

268 4989 349 5036 rum
372 4987 445 5032 esse
467 4963 585 5058 aliqua
608 4960 786 5034 Ecclesiae
807 4961 977 5062 hospitia:
1012 4971 1158 5064 vultque
1188 4995 1254 5042 nos
1307 4975 1350 5043 de
1380 4996 1450 5066 quo
1475 4969 1657 5064 scripsisti.
1717 4967 1860 5054 Mores,
1882 4967 1983 5074 posin,
2015 4991 2089 5038 csse
2113 4965 2295 5044 honestos.
2335 4955 2336 4978 ¹

266 5063 366 5136 Deus
380 5061 446 5134 hac
460 5089 521 5155 spe
538 5067 714 5156 suscipere
731 5067 889 5159 labores,
915 5083 949 5140 et
974 5067 1013 5140 in
1028 5074 1253 5165 propagatio·
1307 5073 1396 5144 Nam
1422 5075 1598 5168 specimen
1627 5072 1820 5142 modestiae
1842 5081 1877 5140 et
1904 5070 2114 5140 tolerantiae
2144 5075 2294 5164 dignum

268 5191 314 5236 ne
338 5165 540 5248 doctrinae,
571 5179 606 5234 et
639 5167 678 5234 in
706 5171 956 5244 communibus
987 5173 1080 5244 vitae
1118 5174 1254 5246 officiis.
1307 5173 1520 5270 laudeapud
1539 5197 1604 5245 nos
1617 5174 1771 5246 ostendit
1788 5171 1882 5264 apud
1896 5171 2060 5256 fratrem,
2085 5173 2152 5242 ubi
2175 5175 2295 5245 insus-
2335 5247 2336 5254 χ

270 5267 390 5354 Quare
404 5266 477 5338 Deo
504 5279 601 5356 grata
621 5281 674 5362 est
692 5291 814 5339 eorum
841 5273 1025 5360 voluntas,
1050 5274 1114 5369 qui
1138 5277 1254 5346 studia
1307 5275 1398 5348 viter
1422 5291 1588 5349 tractatus
1611 5289 1673 5351 est.
1724 5271 1773 5346 Et
1788 5285 1882 5344 recte
1900 5273 2025 5343 doctus
2044 5273 2149 5345 estin
2166 5273 2295 5348 Gram-

271 5367 454 5436 ductrinae
478 5389 552 5436 uon
576 5367 768 5455 abiiciunt,
793 5371 984 5471 quiquelse
1004 5377 1049 5448 ad
1064 5374 1254 5470 Reipubli-
1308 5381 1452 5462 metica,
1472 5377 1681 5460 Dialectica,
1709 5372 1964 5463 Arithmctica,
1985 5371 2139 5446 Musica.
2188 5378 2293 5470 Saepe

299 5695 313 5742 l
