4712 5828
1443 99 1457 130 Χ

220 241 296 316 sea
796 224 1226 306 nrtsronxnuu
1277 221 1380 297 ma.
1406 175 1490 298 xn.
1543 219 1671 296 1⁵54.
1867 255 1875 268 .
2182 225 2254 298 set
2343 195 2344 208 '

226 411 296 484 Sed
311 413 411 482 locus
423 411 532 497 alius,
557 433 631 480 non
647 407 772 500 procul
791 407 836 477 ab
860 431 901 476 eo
924 406 1021 488 loco,
1046 402 1110 473 ubi
1135 423 1213 469 cor·
1268 396 1328 488 qui
1354 419 1408 464 mo
1431 394 1525 464 bello
1546 392 1751 486 persequuti
1773 405 1875 478 aunt,
1917 393 1987 462 nisi
2011 396 2056 464 de
2076 419 2158 464 meo
2181 395 2256 464 iure

226 538 291 606 pus
307 516 460 598 iacebat,
485 536 610 583 cruore
632 533 841 601 conspersus
865 521 951 580 erat.
1003 503 1215 576 Curavimus
1269 497 1531 590 aliquantulum
1565 496 1805 574 decessissem,
1859 496 2013 564 ecclesiis
2046 521 2191 589 quoque
2226 511 2258 567 et

226 617 366 707 sepeliti
385 639 512 706 corpus
529 616 567 682 iu
583 614 661 682 loco
672 613 872 702 sepulturae
887 623 1027 678 nostrae
1043 630 1116 676 non
1131 628 1215 695 pro·
1268 595 1414 680 scholis,
1436 621 1525 690 quae
1542 591 1632 670 mihi
1650 597 1749 666 cordi
1765 609 1867 681 sont,
1892 597 2057 668 interitus
2074 599 2259 688 impende-

228 719 408 788 culamei
428 717 492 784 tilii
509 716 682 808 sepulcro.
734 711 833 797 Scio,
854 709 1214 804 parentumdolorem
1268 715 1330 770 ret.
1390 697 1456 770 His
1482 699 1592 788 igitur
1617 699 1722 768 rebus
1743 700 1934 782 adductus,
1965 696 2040 768 Deo
2065 699 2259 770 iustissimo

227 821 267 888 in
302 820 499 890 calamitate
529 818 660 886 sobolis
692 829 829 885 tantum
863 837 953 898 esse,
987 825 1028 882 ut
1058 805 1215 878 bumana
1269 803 1396 884 iudici,
1435 825 1549 868 meam
1570 823 1710 868 causam
1737 799 2001 891 disceptandam
2023 801 2187 870 commisi
2206 815 2262 872 at-

228 921 471 991 consolatione
494 919 600 988 leniri
624 942 696 987 non
718 917 839 1008 possit.
892 914 977 984 ldeo
1007 913 1120 982 filium
1136 907 1222 994 Deip
1272 929 1339 996 que
1354 903 1504 986 tradidi,
1531 901 1593 994 qui
1612 901 1756 994 quidem
1773 901 1874 970 novit
1888 903 2040 993 optime,
2063 903 2120 973 cui
2135 927 2177 972 ex
2191 929 2261 973 no-

229 1023 432 1094 crucifixum
457 1021 659 1112 pronubis,
685 1033 719 1088 et
743 1019 986 1087 resuscitatum
1010 1040 1092 1100 oro,
1117 1027 1157 1082 ut
1182 1025 1217 1082 te
1271 1007 1324 1076 bis
1347 1029 1414 1094 pax
1438 1003 1544 1074 fuerit
1564 1003 1754 1072 carissima.
1807 1001 1906 1072 ldem
1931 1028 2011 1094 ego,
2037 1029 2117 1073 cum
2142 1002 2262 1096 Reges
2343 1041 2344 1074 i

229 1149 372 1220 quoque
388 1139 423 1194 et
438 1119 721 1192 honestissimam
739 1120 925 1210 coniugem
950 1133 1064 1201 tuam,
1090 1117 1129 1183 in
1151 1109 1217 1184 hac
1270 1108 1434 1200 quidam,
1458 1101 1638 1174 Electores
1653 1117 1686 1174 et
1702 1104 1899 1196 principes,
1924 1107 2106 1176 mensibus
2122 1107 2264 1198 aliquot
2343 1115 2344 1184 l

229 1241 343 1297 vestra
360 1251 461 1296 cruce
478 1225 605 1314 erigat,
620 1238 654 1292 et
672 1247 734 1292 vos
751 1221 886 1314 Spiritu
904 1220 1033 1292 Sancto
1051 1243 1113 1288 suo
1130 1240 1218 1286 con·
1269 1209 1530 1298 superioribus,
1557 1229 1650 1276 ame
1667 1209 1939 1292 contenderent,
1964 1223 2004 1276 ut
2020 1233 2099 1278 cum
2120 1208 2191 1276 illis
2206 1211 2264 1278 sa-

176 1341 186 1364 *
231 1330 381 1413 soletur,
408 1328 498 1398 sicut
514 1328 665 1396 affirmat
680 1323 793 1408 Deus,
819 1347 855 1391 se
880 1319 1040 1392 habitare
1063 1322 1101 1390 in
1126 1319 1219 1389 allli-
1270 1334 1403 1395 cerem,
1428 1311 1524 1401 quod
1540 1321 1658 1378 tamen
1674 1332 1788 1402 neque
1805 1307 1933 1378 iustam
1947 1310 2030 1378 satis
2046 1334 2160 1403 neque
2179 1311 2265 1380 ido-

231 1433 295 1500 ctis
311 1432 426 1521 ipsum
441 1429 700 1498 invocantibus.
754 1423 898 1496 Solebat
914 1424 1008 1494 lilius
1028 1447 1136 1514 prope
1162 1444 1218 1488 me
1271 1436 1372 1481 neam
1406 1434 1546 1480 causam
1579 1409 1834 1494 existimarem,
1872 1407 2154 1504 Germaniaeque
2190 1427 2263 1482 sta-

231 1533 384 1602 assidere
415 1533 453 1600 in
483 1531 714 1612 lectionibus,
754 1553 793 1598 ac
818 1525 999 1596 interdum
1023 1527 1217 1612 interroga·
1271 1529 1347 1584 tum
1369 1535 1443 1580 non
1466 1511 1687 1600 ignorarem,
1713 1506 1861 1580 honeste
1885 1513 1971 1602 ipsis
1993 1515 2036 1582 de
2059 1539 2135 1599 me,
2162 1539 2263 1582 com-

230 1637 313 1704 bam
335 1657 426 1706 cum.
477 1629 556 1702 Hoc
578 1632 720 1702 octiduo
745 1631 894 1698 miratus
916 1653 1012 1712 sum,
1036 1629 1099 1695 ubi
1120 1637 1219 1707 esset,
1270 1617 1446 1706 modeque
1471 1613 1607 1703 negavi.
1669 1608 1722 1682 Ac
1743 1613 1845 1684 novit
1867 1610 1982 1699 Deus,
2017 1639 2122 1708 quem
2146 1617 2260 1685 actio·

228 1761 314 1808 cum
337 1759 418 1806 eum
444 1759 519 1804 non
543 1735 718 1817 viderem,
745 1748 779 1804 et
803 1732 1006 1822 sperabam,
1039 1729 1077 1796 iu
1101 1727 1218 1798 studio
1272 1741 1358 1787 num
1386 1739 1544 1784 mearum
1570 1713 1685 1783 solum
1712 1727 1747 1784 et
1770 1715 1944 1806 optimum
1980 1711 2093 1786 babeo
2126 1730 2264 1801 testem,
2343 1727 2344 1818 t

230 1841 323 1909 bene
351 1860 598 1929 processurum
627 1859 710 1904 esse,
769 1832 838 1904 sed
861 1855 1090 1923 flgn0scfflnus
1124 1853 1220 1898 com.
1272 1829 1403 1911 quanta
1421 1815 1516 1907 pacis
1538 1839 1628 1908 quae
1651 1829 1741 1886 esset
1759 1841 1840 1884 cum
1857 1810 2039 1886 honestate
2062 1818 2266 1902 coniuncta,

231 1963 377 2008 munem
399 1939 640 2008 infirmitatem
664 1936 801 2026 generis
826 1931 992 2018 humani,
1025 1947 1058 2002 et
1080 1953 1221 2002 oremus
1273 1945 1338 1988 nec
1360 1935 1500 1989 nostrae
1522 1917 1688 2004 religioni
1713 1917 1857 1986 inimica
1882 1916 1946 2012 (ita
1965 1915 2100 2012 vivam)
2122 1921 2264 2008 cupidi-

232 2042 345 2110 filium
361 2037 446 2126 Dei,
470 2053 511 2108 ut
525 2039 694 2131 reprimat
714 2040 850 2108 surores
866 2035 1027 2116 Diaboli,
1052 2047 1086 2104 et
1108 2045 1222 2100 servet
1273 2035 1343 2092 tate
1360 2019 1553 2110 flagrarim:
1580 2043 1649 2112 qua
1664 2019 1808 2112 quidem
1826 2033 1988 2110 potestne
2004 2021 2139 2115 aliquid
2155 2018 2265 2091 Chri·
2343 2031 2344 2084 t

232 2139 427 2212 Ecclesiam
444 2163 562 2222 suam,
588 2155 623 2212 et
639 2164 703 2209 nos
718 2141 756 2208 in
770 2164 830 2220 ea,
857 2139 948 2208 sicut
962 2138 1067 2206 dixit:
1103 2135 1220 2204 Nemo
1273 2124 1402 2208 stiauo,
1425 2122 1511 2191 etin
1527 2120 1640 2190 literis
1657 2121 1766 2191 vitam
1780 2121 1895 2210 agenti
1910 2123 2065 2192 accidere
2081 2124 2263 2214 optatius?
2343 2147 2344 2176 t

232 2246 347 2335 rapiet
361 2266 443 2313 oves
457 2266 553 2312 meas
569 2267 610 2312 ex
626 2243 791 2311 manibus
806 2241 903 2310 meis.
938 2239 1007 2310 Die
1023 2237 1084 2312 27.
1100 2235 1197 2309 Iulii.
1275 2221 1393 2316 Atque
1407 2223 1544 2294 utinam
1559 2222 1634 2314 isti,
1661 2222 1723 2315 qui
1740 2245 1776 2290 se
1793 2223 1887 2312 pacis
1910 2239 2051 2294 autores
2066 2238 2101 2296 et
2126 2238 2263 2294 amato-

737 2339 925 2434 Philippus
947 2335 1171 2411 Melanthon,
1274 2349 1329 2396 res
1345 2322 1469 2396 haberi
1484 2325 1625 2407 volunt,
1655 2324 1929 2418 innocentesque
1952 2327 2118 2395 omnibus
2145 2327 2264 2415 exagi-

457 2498 466 2514 .
661 2497 716 2514 ,,
933 2496 941 2512 ,
986 2493 995 2510 ,
1098 2493 1107 2510 ,
1212 2489 1221 2506 ,
1276 2427 1597 2497 tautincomrnodis
1615 2425 1673 2496 isti
1692 2426 1839 2518 iuquam
1854 2452 1949 2496 anuo
1966 2429 2162 2518 superiori,
2184 2453 2263 2496 meo

360 2493 1223 2590 lnqmmlur’⁰1³¹⁵¹l³³rl⁰rTr¹pl¹⁵⁵⁰¹¹⁵¹⁸’‘³¹¹¹
1277 2531 1329 2600 uti
1352 2541 1466 2597 esseut
1490 2527 1638 2596 consilio
1660 2553 1766 2620 quarn
1790 2529 1899 2597 armis
1915 2532 2091 2598 decertare
2115 2529 2264 2598 maluis-

283 2593 342 2666 ΜΟ
361 2600 526 2684 ⁵²rl'ivil‘
553 2593 908 2692 etinterrogetur*)‚
934 2621 1004 2690 ‘1¹¹⁰
1023 2617 1223 2688 ¹¹⁵q¹¹²u¹¹a
1277 2645 1369 2715 sent,
1403 2631 1559 2720 prolecto
1585 2641 1704 2699 tantae
1734 2627 1849 2698 clades
1881 2628 1919 2698 in
1944 2627 2137 2700 Germania
2165 2655 2261 2699 coru-

281 2699 406 2787 ierint,
430 2713 464 2770 el
480 2702 585 2796 quale
600 2701 668 2771 iles
683 2701 801 2770 fuerit·
1276 2733 1378 2802 muni
1393 2731 1502 2822 patria
1521 2753 1702 2822 nunquam
1717 2731 1922 2805 extitissent.
1974 2730 2043 2802 Sed
2059 2757 2104 2800 ne
2121 2733 2264 2821 longius

475 2823 480 2832 ⁰
1276 2833 1501 2926 progrediar,
1539 2831 1605 2901 tibi
1625 2833 1673 2899 mi
1695 2825 1887 2928 Philippa,
1919 2833 1982 2926 qui
2002 2833 2115 2904 vicem
2137 2849 2173 2904 te
2199 2835 2265 2902 do-

1277 2937 1384 3006 luisse
1397 2959 1510 3004 meam
1524 2932 1665 3016 scribis,
1692 2934 1818 3022 gratias
1841 2958 1927 3028 quas
1945 2935 2078 3021 debeo,
2102 2959 2169 3025 ago
2188 2960 2264 3004 rna-

230 3063 298 3139 No·
311 3067 414 3140 5546
1086 3081 1144 3143 27·
1164 3072 1224 3140 lul.
1275 3039 1405 3122 rimas,
1429 3037 1565 3127 istaque
1580 3035 1717 3104 nobisa
1734 3049 1831 3124 patre
1846 3035 1995 3106 Domini
2019 3051 2055 3107 et
2076 3038 2264 3107 salvatoris

237 3124 470 3199 wsss
1084 3164 1218 3192 w*
1276 3141 1389 3230 nostri
1404 3135 1483 3208 lesu
1498 3131 1651 3221 Christi,
1677 3152 1716 3206 ut
1731 3138 1815 3205 fides
1830 3137 2056 3207 confirmetur
2072 3152 2266 3223 nostra,et
2343 3165 2344 3180 ¹

323 3273 522 3360 Ioanth
549 3269 771 3357 Albertm
800 3271 866 3356 ad
893 3271 1106 3356 Melanch
1277 3242 1445 3310 excitetur
1475 3239 1675 3323 invocatio,
1705 3240 1776 3308 scio
1812 3235 1988 3309 accidisse.
2046 3238 2183 3310 Munus
2210 3238 2265 3308 M.
2343 3279 2344 3290 κ

1109 3333 1119 3355 ”
1275 3335 1463 3412 Michaeli
1476 3333 1676 3430 Stanhufio
1691 3341 1870 3410 levidense
1893 3339 2014 3426 mitto,
2038 3341 2142 3436 eique
2159 3343 2202 3410 de
2219 3341 2267 3408 li·
2343 3375 2344 3384 κ

300 3431 385 3503 †Ex
411 3431 499 3502 prima
523 3413 720 3502 delineatione,
757 3447 841 3482 manu
862 3430 951 3512 llncir
978 3428 1089 3513 loannis
1115 3428 1222 3512 ailberti
1275 3445 1340 3514 bro
1412 3468 1491 3512 uem
1515 3437 1605 3510 mihi
1627 3442 1733 3511 inseri
1760 3442 1805 3513 sit
1850 3465 1868 3510 a
1895 3467 1915 3512 0
1960 3443 2076 3512 rapias.
2127 3442 2183 3512 Te
2198 3465 2266 3512 au.
2343 3477 2344 3480 ,

333 3503 444 3573 propria
461 3501 515 3557 scri
537 3513 576 3567 ta,
602 3519 671 3570 quae
689 3510 844 3554 asservatur
861 3517 890 3553 m
908 3500 1041 3553 tabulario
1061 3499 1222 3554 Suertncnst
1350 3472 1408 3538 ’q
1737 3467 1758 3532 p
1813 3497 1824 3528 ’
1872 3465 1892 3533 g
1936 3465 1958 3530 g
2343 3519 2344 3524 ,

332 3571 467 3640 descripta
484 3591 500 3625 a
516 3521 654 3624 laborarii
666 3569 823 3642 praefecto,
842 3569 954 3624 cratin.
973 3569 1075 3626 Eune.
1274 3560 1344 3616 tem
1367 3542 1594 3616 vehementer
1614 3569 1678 3614 oro
1706 3545 1875 3638 quoniam
1900 3546 1971 3614 tuis
1989 3544 2100 3613 literis
2113 3544 2267 3614 mirifice

1274 3650 1445 3732 delector,
1470 3671 1571 3736 saepe
1588 3647 1632 3715 ad
1650 3669 1722 3730 me,
1750 3659 1783 3715 et
1797 3647 1841 3715 de
1856 3645 2024 3714 omnibus
2043 3645 2150 3715 rebus
2173 3646 2267 3714 scri·
2343 3677 2344 3684 2

230 3723 443 3800 Reverendo
465 3739 496 3798 et
517 3725 726 3800 clarissimo
751 3726 845 3816 viro,
870 3721 1101 3828 Philippo
1126 3725 1221 3798 Me-
1274 3752 1347 3824 bas·
1403 3745 1496 3819 Amo
1519 3762 1569 3834 te,
1602 3741 1977 3840 charumquehabeo’
2007 3747 2267 3842 mequevids·

233 3823 369 3902 lauth
382 3855 435 3900 on
447 3829 479 3912 i,
499 3828 637 3900 artium
654 3840 685 3898 et
703 3855 831 3901 sacrae
848 3824 1056 3925 theologiae
1073 3829 1113 3900 in
1124 3828 1220 3900 Aca·
1273 3852 1340 3920 ,tm
1357 3873 1376 3919 a
1391 3865 1425 3920 ge
1441 3850 1571 3935 amari,
1596 3873 1677 3918 cum
1692 3850 1794 3930 volo,
1817 3863 1894 3920 mm
1909 3848 2060 3921 confido⁸
2112 3845 2213 3919 Bene
2228 3865 2266 3918 e,

257 3935 379 4004 dernier
397 3929 440 4008 V
437 3929 653 4026 itabergensi
664 3926 892 4031 Professori,
917 3932 1036 4006 amico
1056 3942 1193 4008 nostro.
1272 3952 1424 4022 feliciter
1442 3951 1531 4024 vale,

282 4057 434 4158 loannes
460 4079 631 4158 Albertus
655 4080 721 4175 Dei
742 4086 853 4176 gratia
876 4082 957 4156 Dux
985 4085 1220 4178 Megapolen-
1374 4050 1486 4125 Dalsse
1504 4051 1662 4124 sweflni
1675 4051 1738 4126 27·
1759 4049 1844 4122 lum
1860 4050 1927 4122 Ao.
1942 4049 2003 4126 54·

333 4191 380 4258 sis
405 4193 489 4262 etc,
1863 4151 1980 4226 Manu
2001 4176 2091 4226 mea.
2144 4151 2214 4226 ΑΙ.

234 4305 283 4393 S·
333 4317 400 4392 Est
420 4323 468 4391 ita
492 4337 531 4392 ut
553 4323 697 4407 scribis,
724 4317 977 4392 humanissime
992 4321 1060 4390 vir:
1085 4324 1219 4415 patriae

234 4425 329 4492 euim
347 4448 449 4493 causa
468 4448 556 4515 quae
580 4421 668 4492 mihi
684 4439 753 4509 est,
781 4439 909 4494 ncesse
925 4425 1047 4508 debet,
1082 4427 1220 4494 carissi-

152 4598 154 4606 ,
234 4551 309 4608 mat,
342 4525 563 4616 pacemfeci.
615 4522 692 4593 Etsi
720 4539 835 4596 autem
857 4525 961 4596 initio
986 4521 1078 4596 mihi
1103 4528 1218 4600 aDeo
1272 4517 1468 4594 N0·5647.
1557 4525 1573 4605 ,’
2128 4525 2268 4608 1.Aug.

236 4627 371 4718 optimo
393 4627 545 4694 maximo
568 4637 718 4714 potestas
742 4629 926 4698 resistendi
949 4625 1129 4715 hostibus,
1156 4634 1218 4724 qui
1279 4615 1451 4647 Ἃ
1628 4670 1665 4758 C
1818 4671 1872 4756 ιό·
2126 4615 2268 4641 Μ

235 4755 292 4798 me
306 4729 404 4798 nulla
419 4751 541 4811 causa,
566 4751 606 4795 ac
621 4749 717 4796 meos
733 4736 865 4816 potius,
886 4755 951 4798 uec
965 4732 1098 4802 indicto
1115 4723 1220 4819 bello,
1421 4811 1437 4826 ..
1568 4740 1570 4744 ’
1659 4673 1738 4785 ph‘
1763 4669 1822 4760 Li
1854 4699 1910 4758 ω’

235 4831 377 4900 iniuriis
408 4817 575 4899 omnibus
598 4843 829 4913 vexaverunt,
865 4854 938 4898 uon
962 4839 1220 4906 contemnenda
1341 4812 1673 4883 M³¹¹¹¹¹s²¹¹³⁸‘¹⁶⁰⁸¹¹·

235 4937 398 5016 daretur,
413 4943 531 5002 tamen
546 4931 704 5024 iniquam
720 4931 818 5000 illam
834 4931 978 5023 quidem
997 4947 1029 5004 et
1046 4937 1221 5022 acerbam,
1272 4930 1484 5006 Reverendo
1510 4937 1605 5020 viro,
1630 4931 1685 5008 D.
1711 4927 1909 5006 Christo
1918 4927 2065 5032 phora
2084 4927 2269 5028 Libya,

235 5036 368 5128 patriae
382 5047 499 5104 tamen
518 5033 737 5122 profuturam
753 5057 893 5126 pacem,
919 5029 1109 5104 iustissimo
1125 5039 1219 5107 bello
1272 5034 1697 5134 pastoriEcclesiaeDer'
1710 5039 1750 5106 in
1764 5035 1872 5108 veteri
1885 5031 2272 5136 arccBrenni,srutri

236 5139 358 5229 putavi
374 5160 447 5206 esse
462 5136 742 5226 praeferendam:
761 5131 974 5228 ¹praesertim
988 5162 1068 5208 cum
1082 5139 1221 5226 iisdem,
1613 5163 1682 5209 suo
1697 5133 1938 5214 clarissimo„

1274 5255 1322 5341 S.
1346 5268 1390 5344 D.
1442 5269 1651 5341 Reverende
1667 5275 1723 5341 vir
1743 5289 1775 5343 et
1791 5268 1997 5343 charissime
2012 5274 2131 5347 scater.
2187 5273 2268 5345 Ad-

269 5399 302 5470 s)
319 5397 407 5454 nm.
426 5398 663 5466 interrogaretur.
1272 5371 1339 5443 luit
1361 5373 1562 5466 inspublica
1584 5375 1851 5490 renunciatione
1873 5375 2022 5466 gradus,
2055 5375 2112 5444 vir
2136 5381 2267 5447 doctus
