4726 5818
230 237 307 316 627
813 216 1246 302 netsuonattutd
1294 221 1401 306 Ltu.
1422 221 1507 308 Xll.
1560 221 1692 308 1666.
2186 221 2270 302 ⁸28

230 406 489 504 legaslitteres,
512 423 600 498 ques
615 397 730 475 mitto.
777 393 833 471 De
852 395 1093 470 mediocribus
1105 393 1218 468 mira·
1270 399 1508 487 consideravi,
1531 423 1573 472 eo
1589 399 1701 492 magis
1716 424 1797 472 eum
1812 399 1940 486 dilexi,
1965 411 2000 470 et
2015 397 2163 488 diligam
2175 395 2270 468 ubi-

230 530 287 588 tus
302 535 380 584 sum
394 523 467 580 tam
483 527 639 576 scemam
655 502 967 603 anleegcensnrnm,
988 523 1078 594 qnae
1095 497 1125 568 si
1144 519 1221 568 non
1272 525 1412 596 cunque
1435 503 1510 574 erit.
1564 501 1647 574 Scio
1669 527 1750 573 eum
1771 503 1878 574 talem
1894 523 1984 584 esse,
2010 499 2183 595 qualcsin
2198 525 2272 566 ve-

231 616 365 688 tribuet
377 611 496 682 locnm
511 605 769 689 mediocribus,
787 603 903 674 deme
920 603 1006 698 qnid
1024 599 1109 672 fleti
1147 597 1221 670 Ve-
1271 605 1338 674 teri
1362 627 1464 674 versu
1485 605 1736 676 describrmtur
1758 605 1827 676 viri
1845 603 1951 686 boni,
1983 599 2086 674 ἅπαν
2107 598 2150 673 ed
2168 625 2275 694 χρη-

231 717 329 788 niam
345 713 391 784 ad
407 733 490 795 vos,
515 707 592 779 Deo
609 707 770 794 invente,
793 728 874 782 curn
890 703 1071 778 vocabitis.
1121 699 1222 774 Bene
1273 700 1364 778 στὸν
1377 701 1448 799 τὴν
1463 705 1549 802 ἴσην
1561 703 1634 800 ἔχει
1649 701 1776 804 φύσιν.
1813 705 1911 776 Bene
1926 705 2016 782 vale.
2044 703 2151 779 1666.
2194 701 2275 771 Die

232 819 330 905 vale,
353 809 490 890 Luat
506 809 604 902 Sept.
1273 832 1345 902 qno
1369 808 1567 880 celebratur
1587 809 1757 880 memoria
1773 804 1995 902 Augustini,
2019 805 2081 901 qui
2101 815 2275 874 mortuus

923 903 1121 1001 Philippus.
1274 923 1437 984 esterno
1453 911 1575 982 aetatis
1591 933 1673 982 suae
1683 913 1745 987 76.
1759 934 1855 998 anno
1871 933 1892 980 s
1908 907 2018 978 netuli
2031 901 2165 980 Christi
2176 903 2276 978 460.

1275 1035 1355 1082 cum
1383 1011 1555 1082 decennio
1586 1027 1667 1086 ante
1696 1027 1859 1084 mortuus
1886 1023 1978 1083 esset
2000 1007 2276 1102 Hieronymus,

1274 1137 1369 1183 enno
1386 1137 1404 1184 a
1423 1111 1539 1184 Natali
1557 1109 1693 1186 Christi
1710 1113 1796 1188 teo.
1818 1111 1943 1184 aetatis
1957 1127 2075 1184 autem
2097 1133 2180 1180 suae
2195 1133 2277 1178 no-

233 1275 428 1412 Q·
866 1228 877 1255 ’
1047 1275 1220 1404 Q
1273 1215 1800 1414 ,belrius
2236 1225 2276 1278 ¹²

475 1477 576 1568 seb.
604 1475 663 1564 ab
691 1473 968 1592 Alduspinu.

301 1655 401 1715 seue.
414 1653 492 1728 que.
504 1671 533 1726 p.
545 1651 609 1710 sss.
644 1647 730 1720 epos.
743 1647 825 1704 uun
843 1666 872 1722 ρ.
887 1649 946 1706 eso
965 1649 1023 1720 (ee.
1036 1647 1126 1706 noae.
1139 1649 1223 1712 itur.

336 1743 381 1800 ep.
398 1725 463 1792 se).
1272 1712 1340 1788 No.
1358 1711 1471 1791 6067.

1281 1809 1454 1844 m

233 1871 951 2083 666ψὲ666.ΤιῗόἾὲἱῗὶἷῗὲἵῖὲ
968 1883 1224 2048 ’ΖΞ”’3ι”ι”ὲ.’ἷ
1592 1913 1660 2002 ¹⁰·
1683 1915 1948 2002 Μῶα

166 2099 171 2112 “
234 2085 390 2186 spino,
415 2077 575 2162 Oratori
588 2077 721 2178 inclyti
735 2073 855 2175 Regis
869 2073 1059 2150 Fruneio'e
1074 2079 1114 2151 in
1129 2076 1223 2150 aulo
1343 2090 1428 2165 epus.
1441 2091 1488 2149 tib.
1503 2091 1536 2150 u
1549 2112 1577 2166 p.
1590 2093 1634 2150 87.
1652 2094 1708 2164 (ee.
1720 2091 1807 2150 unt.
1822 2089 1866 2146 tis.
1879 2087 1914 2144 tt.
1928 2088 2050 2160 epten.

298 2184 542 2286 Imperatoris
553 2191 614 2258 ete.
628 2176 796 2254 Patrono
807 2205 876 2252 suo
891 2177 1041 2252 colendo
1055 2181 1092 2255 S.
1109 2179 1156 2258 D.

234 2329 298 2416 Ne
321 2339 398 2410 lieri
422 2335 566 2432 quidem
587 2345 723 2426 potest,
748 2332 836 2424 quin
852 2329 1047 2400 mediocres
1062 2325 1223 2404 homines
1477 2263 1530 2338 Β·
1559 2259 1771 2338 Imm
1795 2259 2056 2338 Manlum

235 2447 413 2514 intuentes
442 2450 576 2510 tantam
604 2435 741 2526 generis
772 2425 920 2502 humani
944 2429 1224 2524 dissipationem,
1274 2419 1323 2510 S.
1345 2429 1391 2506 D.
1440 2429 1650 2504 Reverende
1672 2431 1728 2502 vir
1749 2445 1782 2502 ct
1803 2427 2007 2502 charissime
2030 2431 2157 2515 trater,
2189 2427 2273 2500 No·
2329 2509 2335 2518 ,

234 2569 364 2636 magno
379 2543 420 2611 in
432 2540 556 2611 dolore
569 2536 652 2621 sint,
677 2535 740 2604 sed
755 2547 875 2604 tamen
889 2533 1023 2606 lenitur
1037 2533 1223 2618 moestitia,
1275 2551 1345 2608 stra
1361 2533 1537 2627 colloquia
1554 2535 1636 2604 volo
1653 2556 1728 2604 esse
1751 2557 1824 2604 non
1843 2534 1958 2604 solnm
1981 2532 2139 2626 privatae
2156 2533 2271 2602 bene-

236 2671 316 2718 cum
332 2644 487 2737 aliquam
501 2637 696 2708 Ecclesiam
709 2633 776 2706 Dei
794 2649 828 2706 et
845 2657 934 2718 csse,
958 2647 994 2706 et
1015 2635 1148 2706 servari
1165 2634 1223 2704 di·
1273 2636 1449 2710 velentiae
1472 2635 1687 2706 testimonia:
1735 2637 1794 2706 sed
1823 2635 1937 2706 multo
1967 2635 2077 2726 magis
2100 2633 2271 2726 publicae

235 2748 371 2816 vinitus
384 2742 587 2835 cogitamus.
626 2738 668 2808 ln
685 2759 908 2832 quanecesse
925 2749 1065 2806 estesse
1081 2737 1224 2822 multos,
1274 2737 1552 2810 coniunctionis:
1578 2751 1614 2808 et
1629 2737 1667 2806 in
1676 2733 1832 2808 Ecclesia
1847 2736 2269 2808 decetnosconiunctio-

236 2871 388 2942 quorum
407 2856 523 2916 rectas
547 2854 631 2912 sunt
654 2840 871 2924 voluntates,
905 2839 1019 2932 etqui
1040 2837 1222 2910 doctrina·
1274 2865 1357 2911 nem
1382 2841 1567 2909 ostendere
1592 2851 1739 2930 propter
1759 2841 1889 2910 multas
1911 2861 2031 2908 causas
2055 2833 2270 2908 honestissi-

236 2974 316 3019 rnm
332 2947 449 3018 studia
464 2943 604 3027 colunt,
630 2954 664 3012 et
681 2940 966 3012 coniunctionem
983 2955 1115 3010 amant.
1151 2937 1223 3010 lta·
1273 2965 1359 3012 mas.
1410 2943 1532 3028 Quare
1545 2941 1747 3012 assiduitate
1762 2956 1819 3011 tua
1834 2941 1871 3009 in
1890 2942 2077 3012 scribendo
2094 2940 2269 3024 delector,

237 3075 307 3145 que
323 3050 425 3118 valde
442 3047 632 3116 delectatus
654 3067 731 3112 sum
749 3043 908 3112 oratione
925 3037 1085 3111 Huberti
1098 3041 1224 3124 nostri,
1275 3059 1309 3116 et
1323 3039 1428 3138 αὐτῷ
1447 3047 1501 3114 rui
1514 3039 1658 3136 μέτρω,
1686 3057 1727 3114 ut
1745 3042 1786 3110 in
1801 3037 1964 3112 Hesiodo
1980 3057 2049 3126 est,
2074 3041 2167 3112 tueri
2182 3042 2270 3109 offi-

237 3175 343 3245 quem
366 3151 438 3219 scio
454 3169 526 3216 esse
548 3145 664 3214 virum
690 3147 916 3234 prudentem,
943 3143 1141 3228 eruditum,
1165 3143 1223 3211 in·
1275 3145 1369 3216 rium
1385 3147 1521 3228 studeo,
1538 3145 1603 3213 etsi
1619 3143 1773 3234 prolecto
1789 3145 1971 3216 laboribus
1985 3145 2128 3215 obruor.
2155 3139 2268 3214 Nunc

238 3267 387 3342 tegrum,
412 3263 446 3318 et
460 3247 738 3318 considerantem
755 3268 977 3314 communem
992 3245 1115 3324 vitam,
1141 3267 1222 3313 cum
1274 3249 1406 3318 adsunt
1432 3269 1473 3315 ex
1491 3238 1673 3331 Paionia,
1706 3247 1767 3338 qui
1795 3244 1955 3337 flagitant
1982 3245 2138 3336 exempla
2163 3267 2268 3314 meae

199 3358 203 3368 ¹
236 3350 326 3423 mihi
349 3362 528 3434 narraret,
556 3360 591 3418 te
614 3345 790 3436 sapienter
816 3345 972 3414 iudicare
994 3347 1038 3415 de
1057 3345 1224 3414 omnibus
1275 3347 1505 3419 confessionis
1520 3361 1554 3417 et
1568 3347 1647 3416 alia.
1679 3343 1805 3437 Cogito
1819 3348 1925 3418 etiem
1944 3341 2099 3442 Illyrico
2112 3369 2269 3436 respon-

237 3457 329 3524 vitae
353 3453 497 3530 officiis,
533 3463 566 3518 et
589 3447 769 3517 doctrinas
798 3445 1012 3536 intelligere,
1044 3461 1223 3516 eteorum
1276 3453 1378 3530 dere,
1405 3474 1483 3520 cum
1507 3472 1583 3518 non
1605 3447 1712 3520 iaciat
1734 3451 1839 3519 tinem
1855 3449 2096 3520 calumniandi
2112 3449 2208 3539 ipse,
2235 3463 2272 3517 et

236 3557 434 3627 cultoribus
450 3555 539 3624 bene
558 3550 657 3622 velle.
710 3546 793 3618 Fuit
808 3561 924 3636 autem
938 3564 1138 3640 pergratum
1155 3549 1225 3617 mi·
1276 3556 1351 3622 eius
1378 3545 1617 3646 παραστάτης
1646 3549 1701 3620 vel
1731 3543 1997 3644 emissarius').
2056 3549 2164 3620 Mitto
2197 3551 2271 3619 tibi

237 3655 297 3742 hi,
323 3657 418 3749 quod
444 3654 658 3743 singularem
681 3673 754 3720 esse
775 3663 869 3718 tuam
890 3673 971 3739 erga
994 3675 1048 3720 me
1070 3651 1225 3720 benevo-
1275 3654 1429 3746 pagellas
1458 3675 1545 3746 quas
1575 3651 1646 3720 scio
1670 3653 1772 3722 vobis
1802 3653 1978 3722 dulciores
2010 3675 2082 3722 esse
2111 3651 2272 3720 lectione

235 3759 381 3828 lentiam
408 3754 717 3826 commemorabat.
772 3750 866 3822 Dedi
891 3751 999 3839 igitur
1023 3747 1140 3822 isthuc
1166 3777 1225 3822 re·
1275 3751 1584 3850 sycophantiarum
1600 3747 1887 3828 Florianorum.
1934 3752 2032 3842 Quid
2048 3754 2188 3822 dulcius
2205 3779 2272 3821 co-

235 3862 358 3931 deunti
380 3854 471 3928 hanc
485 3855 686 3946 epistolam,
708 3867 743 3924 et
759 3849 976 3924 utHuberto
989 3853 1087 3924 testis
1102 3877 1224 3940 essem,
1275 3857 1379 3946 gitari
1404 3869 1518 3948 potest
1539 3851 1698 3924 Eusedii
1722 3855 1896 3926 sententis
1918 3879 2025 3948 quam
2053 3855 2156 3926 mitto
2171 3847 2273 3946 ⁸')?

236 3965 280 4056 de
293 3987 353 4032 sua
369 3982 449 4049 erga
463 3973 497 4028 te
511 3957 702 4038 voluntate,
718 3967 753 4024 et
766 3957 1033 4026 utostenderem
1046 3953 1223 4044 signitica-
1275 3959 1432 4029 Salutem
1464 3959 1565 4028 vobis
1596 3958 1763 4028 omnibus
1790 3971 1886 4049 opto.
1936 3954 2035 4026 Bene
2058 3957 2147 4029 vale.
2198 3956 2273 4028 Die

235 4065 369 4133 tionem
388 4060 478 4150 groti
495 4079 576 4147 erga
593 4069 626 4126 te
643 4055 764 4124 animi.
815 4053 906 4124 Cum
925 4070 1042 4126 autem
1060 4057 1224 4141 sciamus,
1276 4083 1346 4152 qno
1363 4060 1560 4129 celebratur
1582 4060 1750 4129 memoria
1766 4053 1988 4152 Augustini,
2014 4081 2119 4152 quem
2141 4057 2272 4128 iudico

186 4229 191 4237 .
235 4163 441 4254 praesertim
463 4161 500 4230 in
523 4155 589 4228 hac
603 4159 728 4228 ultima
750 4169 885 4225 senecta
904 4157 1048 4239 mundi,
1073 4157 1224 4227 maiores
1274 4161 1382 4230 luisse
1409 4161 1532 4230 utilem
1557 4159 1767 4246 Doctorem,
1809 4161 1872 4254 qui
1895 4159 1985 4230 vixit
2012 4183 2125 4230 annos
2148 4157 2201 4229 76
2239 4175 2274 4230 et

236 4265 313 4334 sore
335 4279 370 4334 ct
396 4261 649 4354 lmperiorum,
682 4272 716 4328 et
739 4251 976 4326 Ecclesiarum
1001 4257 1225 4326 dilaceratio-
1274 4276 1435 4332 mortuus
1456 4275 1508 4332 est
1527 4285 1622 4332 anno
1639 4285 1659 4332 a
1677 4263 1787 4334 natali
1801 4257 1934 4333 Christi
1949 4259 2036 4337 460.
2049 4284 2170 4330 mense
2187 4257 2274 4332 Au-

238 4389 319 4445 nes,
355 4387 460 4456 quam
484 4363 617 4432 suerint
640 4372 760 4439 antea,
793 4361 970 4450 sapienter
994 4353 1079 4427 haec
1104 4359 1224 4429 fatalia
1274 4377 1395 4453 gusto,
1428 4387 1507 4432 cum
1528 4361 1778 4460 Hieronymus
1802 4363 1976 4434 decennio
1998 4377 2080 4434 ante
2101 4377 2274 4432 mortuus

236 4465 327 4534 mala
346 4465 518 4542 seramus,
544 4477 576 4530 et
593 4485 657 4530 suo
673 4462 750 4530 loco
770 4459 901 4549 singuli
926 4455 1082 4531 honestis
1096 4461 1223 4530 studiis
1275 4477 1364 4535 esset
1378 4487 1496 4534 mense
1512 4465 1663 4550 Martio,
1689 4489 1783 4536 enno
1802 4465 1923 4535 aetatis
1939 4489 2022 4536 suae
2036 4464 2275 4553 nonagesimo

237 4567 463 4659 opitulemur.
521 4559 598 4630 Hac
622 4585 658 4629 re
683 4563 766 4653 quid
800 4562 877 4632 lieri
900 4561 1025 4631 melius
1050 4575 1164 4653 potest
1184 4561 1223 4630 in
1274 4567 1409 4660 primo,
1435 4564 1703 4638 Annoanfflli
1721 4563 1857 4640 Christi
1873 4566 1961 4641 420,

237 4670 344 4740 tantis
367 4664 517 4735 miseriis
540 4657 730 4732 humanis?
769 4661 899 4731 Deme
920 4663 1087 4733 verotibi
1110 4677 1144 4733 et
1160 4666 1222 4733 de-

235 4773 320 4849 beo,
357 4783 390 4838 et
412 4763 523 4838 habeo
549 4763 717 4856 gratiam,
759 4765 852 4854 quod
880 4789 934 4833 me
961 4789 1101 4858 quoque
1128 4765 1224 4846 inter

236 4873 420 4942 literarum
449 4869 603 4937 cultores
635 4863 886 4955 complecteris.
943 4863 1081 4935 Poteris
1106 4881 1223 4935 autem
1309 4873 1468 4950 quattu.
1509 4877 1516 4890 “

237 4973 414 5066 praeclare
436 4963 524 5037 mihi
543 4965 822 5036 benevolentiam
843 4979 940 5034 tuam
955 4969 1156 5050 ostendere,
1183 4967 1224 5052 si,
1308 4979 1356 5048 *η
1377 4965 1489 5050 Legitur
1503 4975 1641 5060 illelom·
1655 4975 1763 5033 Eusebtt
1782 4977 1987 5042 consuebas
2004 4973 2085 5032 hstes
2104 4973 2135 5030 to
2150 4972 2276 5047 Scriptis

236 5101 317 5145 cnm
332 5069 533 5144 Hubertum
559 5069 763 5159 gravissimo
788 5067 920 5150 iudicio
943 5068 1146 5158 complexus
1166 5069 1224 5154 sis,
1343 5046 1419 5120 punt.
1438 5045 1471 5104 Τ·
1486 5047 1521 5102 ¹¹·
1540 5047 1580 5102 ¹¹¹·
1596 5045 1648 5102 ι’·
1660 5046 1685 5104 ⁵·

235 5201 312 5245 mea
329 5201 430 5246 causa
447 5175 553 5243 etiam
569 5170 678 5258 magis
694 5169 818 5258 diliges
834 5183 939 5262 atque
956 5169 1112 5240 ornabis.
1140 5167 1224 5240 Fuit

235 5299 350 5346 annos
373 5277 509 5368 aliquot
531 5271 704 5354 amicitia,
735 5283 770 5340 et
789 5270 919 5340 deinde
942 5271 1165 5342 familiaritas
1190 5272 1222 5340 ei

236 5399 394 5460 mecum,
422 5391 457 5444 et
473 5399 544 5468 quo
559 5373 693 5442 diutius
708 5373 954 5462 prudentiam,
980 5386 1015 5442 et
1029 5373 1135 5443 tidem
1147 5371 1223 5464 eius
