4714 5832
248 266 320 344 127
803 245 1238 330 llPlSTOLAllUM
1288 249 1397 334 LIB.
1420 253 1506 336 Xll.
1554 251 1691 338 teto.
2204 264 2276 342 tte

247 445 371 512 vinnm
396 431 533 527 accepi,
562 431 692 502 iterum
708 425 879 520 scripturn
892 425 1019 507 fuerit,
1044 436 1085 495 ut
1099 425 1238 498 mittam
1283 426 1351 498 tuit
1368 419 1417 522 ⁸).
1468 425 1617 501 Utinam
1631 431 1753 504 redcat
1769 433 1887 504 salvus
1905 445 1941 506 et
1954 433 2155 512 incolumis.
2207 437 2278 510 Sed

246 537 362 616 adhoc
376 533 605 609 nnumvobis
619 529 898 622 adiungendum,
921 527 1003 596 misi
1017 520 1239 598 bunchor·
1283 525 1373 598 nihil
1399 550 1607 622 responsum
1632 545 1703 620 est,
1743 533 1814 604 nisi
1834 535 2033 630 principem
2055 552 2276 624 curaturum,

244 642 348 742 gium
365 631 575 718 Erardum,
599 633 663 728 qui
675 632 744 704 fuit
759 645 879 726 pastor
895 630 934 699 in
948 625 1108 700 Ecclesia
1119 623 1237 700 Nori·
1281 643 1321 700 ut
1338 633 1496 726 synodus
1507 633 1546 702 in
1565 631 1765 704 Germania
1777 631 1967 710 habeatnr:
1992 634 2079 710 haec
2091 642 2275 734 responsio

245 741 419 830 lausana,
448 740 567 810 virum
590 735 769 806 cruditum
788 746 823 804 ct
839 733 1056 816 modestum,
1081 743 1116 802 et
1136 730 1237 800 citius
1283 747 1335 806 est
1356 737 1481 826 σχῆμα
1502 731 1692 810 πολιτικὸν
1713 741 1783 810 τοῦ
1806 730 1941 838 λόγου,
1981 753 2023 814 ιιι
2044 737 2275 840 Thucydides

245 849 409 920 doctrina
426 841 715 930 estincorrupta;
743 835 826 908 dedi
843 847 877 906 et
892 833 1013 904 literas
1028 833 1072 902 ad
1090 833 1237 924 amplis·
1284 835 1454 904 nominat.
1488 834 1698 920 Beuevale,
1723 839 1856 915 diseo.
1874 839 1970 916 lolii.
2011 842 2172 916 Salutem
2191 859 2275 936 opto

246 951 376 1022 simum
390 958 562 1016 senatum.
613 937 734 1029 Quare
746 950 781 1008 te
795 962 859 1006 oro
874 949 914 1006 ut
926 959 1007 1006 eum
1022 935 1176 1004 adducas
1190 937 1235 1003 ad
1284 935 1327 1010 D.
1344 931 1490 1006 Kitclt'o
1508 939 1681 1031 collegae,
1708 953 1742 1012 et
1756 941 1837 1012 aliis
1852 941 1984 1016 amicis,

246 1075 324 1138 eos,
349 1049 478 1144 quibus
494 1045 615 1114 literae
634 1035 853 1110 exhibendae
871 1051 975 1120 sunt,
1005 1037 1236 1106 commenda-

245 1155 302 1226 bis
323 1153 430 1222 etiam
453 1170 534 1218 eum
555 1144 633 1214 viro
654 1139 845 1214 clarissimo
868 1139 1015 1211 domino
1037 1131 1235 1235 Baptistae

245 1249 432 1326 chcclio.
481 1248 535 1320 De
553 1245 639 1316 vino
653 1267 733 1334 ages
746 1241 875 1334 gratias
892 1241 1109 1333 amplissimo
1122 1239 1235 1312 Sena-
1296 1271 1364 1346 No.
1377 1269 1490 1348 5436·
2146 1281 2277 1355 2201ιὼ

246 1358 318 1441 tui,
345 1354 441 1450 qnod
463 1351 501 1419 in
525 1348 721 1441 periculoso
743 1345 870 1414 morbo
892 1341 1053 1435 Principi
1073 1335 1234 1435 Georgia
1290 1369 1503 1410 sev-..0
2133 1375 2275 1404 w...

245 1451 457 1532 Anholtino
477 1450 654 1521 medicina
674 1447 755 1520 fuit.
821 1443 876 1516 Dc
899 1467 1016 1536 pogna
1039 1439 1233 1516 saxonica
1562 1440 1630 1531 M,
1655 1443 1993 1558 Meienburggffl

244 1563 345 1654 prius
366 1572 478 1629 totam
494 1549 679 1623 historiam
692 1547 826 1632 scietis,
850 1571 957 1640 quam
971 1541 1036 1618 bae
1050 1547 1172 1618 literae
1187 1547 1232 1616 ad
1353 1603 1440 1678 Epist.
1456 1605 1504 1660 tib.
1518 1603 1554 1658 v·
1571 1624 1600 1678 p.
1611 1603 1664 1660 7⁰5
1676 1624 1718 1680 sq.
1845 1563 1850 1578 ¹

245 1687 309 1734 vos
324 1658 540 1754 pervenient.
592 1651 677 1724 Ideo
692 1645 785 1720 nihil
800 1651 844 1720 dc
859 1673 898 1718 ea
911 1649 1091 1738 tragoedia
1105 1649 1234 1722 scribo.

246 1761 324 1836 Oro
347 1761 480 1833 Filium
498 1755 566 1828 Dei
589 1769 630 1826 nt
650 1753 760 1822 leniat
783 1751 995 1821 calamitates
1017 1751 1178 1843 publicas
1199 1762 1234 1820 et
1286 1758 1343 1834 Μ
1347 1757 1434 1839 ἱρή,
1459 1757 1816 1859 Mgstngurggo,
1841 1757 2003 1838 Consua
2014 1759 2277 1840 Norpgmm

244 1867 411 1960 privatas.
459 1857 616 1948 Collegis
639 1855 711 1926 tuis
737 1853 903 1923 omnibus
921 1865 1124 1924 reverenter
1137 1853 1235 1922 salu-

245 1983 316 2040 tem
336 1979 433 2058 opto.
484 1960 525 2032 Si
546 1970 692 2052 propter
707 1955 800 2026 bella
813 1955 954 2026 exulare
968 1977 1089 2044 cogar,
1112 1956 1235 2024 advos

245 2091 388 2163 quoqne
429 2063 591 2134 accedam
629 2052 867 2130 bibliothecae
909 2057 1082 2128 videndae
1120 2077 1236 2127 causa.

245 2169 444 2242 Benevalc.
493 2161 562 2234 Die
577 2161 635 2236 17.
652 2159 755 2246 Iulii,
779 2155 889 2230 Anno
908 2151 1019 2232 1553.

1287 1897 1334 1988 S.
1358 1909 1405 1984 D.
1459 1905 1716 1984 Honestissimc
1744 1913 1819 2002 vir,
1852 1928 1888 1988 et
1919 1915 2031 1986 amice
2059 1909 2280 1994 charissime.

1287 2015 1444 2100 Scimus,
1482 2029 1673 2110 utrumque
1694 2039 1779 2086 voce
1800 2015 1923 2088 divina
1946 2019 2168 2108 praedictum
2194 2045 2280 2106 esse,
2352 2019 2353 2024 ’

1288 2132 1322 2188 et
1342 2115 1418 2188 sore
1442 2117 1481 2184 in
1502 2111 1569 2186 hac
1592 2131 1730 2188 senecta
1744 2117 1871 2188 mundi
1887 2119 2037 2190 maiores
2052 2123 2280 2192 contusiones

1287 2217 1424 2308 generis
1448 2211 1615 2304 humani,
1649 2243 1756 2312 quam
1779 2221 1925 2291 suerunt
1947 2236 2068 2307 antea,
2103 2235 2137 2293 et
2158 2235 2279 2294 tamen
2352 2219 2353 2310 l

1288 2319 1420 2390 Filium
1434 2315 1503 2388 Dei
1522 2317 1749 2392 collecturum
1769 2345 1841 2392 esse
1856 2319 2049 2394 Ecclesiam
2063 2325 2171 2394 etiam
2186 2326 2282 2396 inter
2352 2315 2353 2356 ³

1289 2419 1524 2516 lmpcriorum
1539 2421 1673 2496 ruinas.
1722 2421 1886 2494 Servabit
1899 2425 2009 2514 igitur
2021 2425 2141 2520 aliqua
2156 2419 2282 2520 hospi·

245 2540 312 2614 No.
331 2535 444 2614 5435.
1041 2591 1045 2600 ,
1107 2529 1237 2603 20.1u1.
1288 2523 1349 2597 tia.
1399 2519 1476 2592 Hac
1499 2547 1565 2594 nos
1587 2547 1648 2616 spe
1669 2525 1913 2614 consolemur,
1942 2539 2281 2620 etpetemusetex-
2352 2529 2353 2532 ’

256 2633 425 2668 Μ
1108 2625 1235 2652 Μ
1288 2637 1467 2716 pectemus
1487 2625 1533 2694 ab
1557 2648 1598 2694 eo
1621 2625 1879 2716 mitigationem
1900 2627 2139 2700 calamitatum
2159 2631 2282 2722 publi-

599 2731 709 2845 cplg·
737 2731 883 2818 Libia
1289 2749 1409 2798 carum
1424 2739 1458 2797 et
1472 2726 1702 2818 privatarum.
1752 2723 1866 2798 Doleo
1882 2727 2085 2822 Principem
2101 2726 2149 2828 ¹),
2179 2733 2282 2804 cuius

1288 2829 1357 2898 tuit
1376 2827 1549 2897 excellens
1570 2828 1774 2919 ingenium,
1809 2830 1998 2900 immatura
2019 2845 2135 2904 morte
2163 2835 2280 2905 extin-

348 2917 446 2974 Mfflffi
463 2915 560 2984 ΜΒ·
577 2929 605 2984 P·
618 2909 671 2965 ²⁵⁷
684 2927 725 2984 ’Ψ
1289 2943 1386 3002 ctum
1405 2951 1491 3004 esse.
1539 2927 1714 3000 Dolebam
1735 2945 1853 3004 autem
1873 2945 1910 3002 et
1929 2945 2049 3024 antea,
2079 2959 2159 3004 cum
2177 2937 2282 3005 vide-

246 3087 459 3168 mendo
494 3087 571 3158 vim
633 3079 676 3154 D
721 3077 771 3158 N
797 3077 850 3158 N·
892 3077 1064 3180 (Libro
1095 3090 1237 3172 adscrips.
1288 3056 1383 3118 rem,
1414 3031 1470 3149 illi
1485 3031 1567 3149 'ipsi
1591 3025 1813 3119 Marchioni,
1846 3033 2035 3152 quinune
2061 3029 2173 3106 hostis
2203 3039 2285 3120 fuit,

248 3190 441 3286 Bucltoltz.)
466 3141 612 3290 postoli
626 3137 816 3258 Ecclesiae
830 3181 910 3255 Dei
932 3184 972 3254 in
992 3181 1134 3280 inclyta
1151 3183 1238 3256 urbe
1288 3147 1362 3202 lam
1381 3131 1593 3202 f³m¹l¹³r⁰¹¹¹
1613 3155 1697 3208 ⁰⁵⁵⁹·
1758 3131 1829 3207 sed
1852 3148 1978 3208 ⁰¹⁰¹l¹⁰
2003 3129 2097 3208 hane
2123 3161 2283 3208 ⁰⁰fflm0·

560 3289 568 3307 ο
723 3286 730 3304 ‚
932 3284 939 3302 ‚
986 3285 993 3302 .
1289 3235 1535 3305 morationem.

420 3291 584 3372 Bsssnmr
603 3287 727 3387 [ΜΨ
745 3310 813 3358 ⁸¹¹⁰
830 3279 1062 3374 ‘mmm’
1389 3335 1443 3408 Dc
1465 3335 1615 3428 pecunia
1636 3335 1760 3408 scribit
1772 3327 1951 3413 Andreas.
2002 3335 2107 3410 Nunc
2131 3343 2232 3410 enim
2251 3357 2285 3414 et

246 3441 297 3534 S.
311 3449 358 3528 D.
391 3441 605 3522 Reverendo
618 3443 686 3528 vir,
713 3452 746 3510 et
760 3433 965 3510 charissime
980 3439 1104 3508 frater:
1129 3437 1238 3509 Prae·
1289 3433 1455 3530 chirurgo
1478 3463 1611 3512 merces
1633 3439 1794 3524 dabitur,
1823 3455 1858 3509 et
1878 3439 2034 3512 rationes
2055 3443 2182 3512 referet
2202 3441 2283 3512 An-

245 3557 351 3630 terita
383 3545 577 3642 vituperari
610 3555 775 3638 possunt,
812 3541 943 3612 mutari
977 3565 1052 3610 non
1078 3556 1237 3634 possunt.
1288 3544 1399 3612 dreas.
1450 3537 1583 3624 Filius,
1614 3535 1683 3610 Dei
1705 3539 1893 3622 beneficio,
1924 3557 2018 3614 recte
2034 3543 2149 3630 valet,
2174 3557 2211 3614 et
2226 3545 2283 3614 di.

246 3657 334 3731 Ideo
350 3677 416 3724 nec
431 3655 475 3722 de
489 3649 607 3734 clade,
635 3672 699 3716 nec
713 3646 757 3714 de
773 3644 886 3714 causis
903 3644 1067 3736 disputo:
1092 3644 1153 3713 sed
1171 3645 1238 3713 do·
1287 3644 1362 3712 scit.
1411 3639 1515 3712 Nunc
1532 3643 1570 3710 in
1590 3641 1683 3710 libro
1695 3643 1739 3712 de
1754 3643 1872 3712 anima
1886 3643 1989 3716 discit
2003 3647 2213 3730 anatomica,
2239 3649 2286 3716 de

246 3763 302 3832 leo
325 3755 518 3826 extinctum
539 3773 612 3819 esse
631 3747 836 3838 Principem
852 3737 910 3842 ⁴),
942 3747 1043 3815 cuius
1065 3745 1237 3814 excellens
1288 3746 1418 3838 quibus
1433 3743 1472 3812 in
1487 3767 1609 3814 mensa
1623 3743 1782 3814 sciscitor
1796 3743 1944 3838 aliquid.
2095 3841 2098 3848 1

246 3862 360 3930 virtus
372 3856 458 3926 fuit:
481 3864 521 3924 ut
537 3853 577 3918 in
591 3846 657 3919 hac
672 3861 848 3942 postrema
864 3871 981 3938 pugna
997 3848 1104 3918 ctiam
1118 3861 1239 3918 osten·
1390 3843 1570 3934 Scriptum
1586 3859 1637 3916 est
1649 3847 1695 3914 ad
1711 3869 1784 3930 me,
1809 3842 1945 3936 Regem
1961 3843 2130 3938 Angliae,
2156 3851 2285 3920 adole·

247 3965 319 4048 dit,
350 3959 389 4028 in
411 3979 482 4052 qua
502 3951 665 4047 proditus
680 3964 714 4020 et
729 3951 903 4034 desertus,
926 3947 1002 4018 Deo
1020 3949 1164 4018 iuvante
1183 3948 1239 4016 vi·
1289 3959 1443 4016 scentem
1461 3941 1509 4042 ²),
1542 3960 1723 4017 mortuum
1745 3971 1837 4032 esse,
1861 3960 1897 4019 et
1912 3946 2122 4039 Imperatori
2136 3941 2287 4024 Carolo

246 4067 295 4136 cit
317 4076 456 4145 tamen,
479 4068 516 4126 et
539 4077 603 4124 oro
625 4051 736 4121 filium
753 4047 840 4130 Dei,
866 4045 1095 4140 utEcclesias
1110 4045 1237 4119 harum
1287 4045 1453 4137 Regnum
1486 4070 1560 4118 esse
1589 4051 1884 4119 commendatum.
1940 4050 1984 4120 Id
2010 4051 2040 4120 si
2066 4075 2192 4122 verum
2220 4069 2286 4136 est,

247 4165 434 4255 regionum
458 4167 619 4251 protegat
641 4165 675 4223 et
698 4151 881 4242 gubernet.
931 4150 1063 4241 Magna
1088 4153 1237 4221 mutatio
1287 4173 1361 4219 non
1386 4148 1505 4219 veniet
1528 4151 1571 4220 ad
1594 4147 1819 4221 Conventum
1837 4145 2049 4222 Ulmenscm
2070 4150 2285 4247 Imperator.

248 4266 357 4340 totius
372 4259 577 4333 Germanici
592 4253 734 4350 imperii
749 4251 940 4344 impendet.
977 4249 1074 4342 Rege
1089 4249 1239 4342 Angliae
1288 4249 1384 4320 Bene
1402 4249 1526 4322 valete.
1576 4247 1644 4322 Die
1659 4249 1903 4343 Magdalenae.

248 4379 408 4442 mortuo,
438 4361 510 4430 iam
532 4382 679 4448 regnum
701 4353 892 4446 Anglicum
912 4351 1122 4447 Imperatori
1142 4377 1239 4424 com·
1285 4415 1288 4422 .
2029 4349 2233 4448 philippus,

248 4469 454 4539 mendatum
476 4473 545 4531 est:
573 4473 609 4529 et
628 4459 702 4549 ipsc
721 4470 912 4550 occupatus
934 4456 1020 4526 novi
1036 4455 1136 4546 regni
1154 4480 1240 4525 con-

249 4567 454 4650 stitutione,
489 4561 582 4630 sinet
597 4557 794 4628 Germanos
814 4559 909 4630 inter
931 4581 1004 4629 sese
1019 4558 1240 4630 tumultuari.
1316 4593 1323 4606 ·

249 4671 320 4743 Sed
344 4669 419 4740 Deo
441 4687 544 4735 curae
566 4660 635 4731 erit
657 4653 836 4741 Ecclesia,
877 4661 1047 4750 sanguine
1071 4657 1158 4730 Filii
1182 4683 1239 4729 re·
1267 4675 1355 4758 ‘No‘
1370 4683 1484 4762 5437·
1566 4642 1570 4654 ¹
2148 4698 2208 4766 25·
2225 4691 2288 4760 M

249 4775 403 4864 dempta.
451 4763 526 4836 Nos
547 4787 632 4832 vero
657 4771 711 4832 tot
732 4761 900 4850 exemplis
916 4755 1045 4830 horum
1063 4785 1239 4852 annorum
1296 4783 1466 4814 ww
1548 4759 1550 4771 '
2146 4783 2286 4810 Μ

250 4867 536 4946 commonefacti,
570 4864 680 4933 simus
703 4859 922 4931 ardentiores
945 4861 984 4928 in
1005 4855 1239 4935 invocatione.
1423 4915 1426 4925 .
1502 4947 1509 4956 .
1544 4832 1652 4959 τἨ,
1676 4853 1989 4967 Rehlinggroe'
2044 4931 2048 4941 Ι

250 4973 305 5044 Te
319 4997 403 5056 oro,
428 4983 469 5040 ιιι
484 4967 623 5062 quoties
641 4963 709 5033 erit
723 4961 878 5046 occasio,
902 4962 948 5030 ad
964 4985 1029 5030 nos
1048 4963 1190 5033 scribas.
1296 5029 1311 5064 h
1338 4995 1436 5062 ‚mire
1454 5014 1484 5060 a
1498 5005 1608 5066 auton.
1620 4997 1690 5054 Md·
1709 4997 1737 5056 ·m
1754 4995 1826 5055 ΒΜ·
1840 4995 2020 5080 mmm
2037 4995 2133 5123 mg
2146 4997 2287 5068 'me-

353 5084 511 5158 Stoltius
529 5109 570 5154 cx
587 5079 730 5152 Prussia
748 5103 828 5150 cum
846 5077 984 5173 reliquo
1003 5080 1171 5149 comitatu
1185 5104 1241 5148 re·
1392 5067 1502 5134 meyert
1512 5068 1651 5135 uettttgen
1673 5083 1717 5134 tut
1732 5064 1868 5188 (leidiga
1885 5071 1927 5123 tet
1940 5069 2068 5182 wilfi.
2079 5080 2116 5168 ιιι
2128 5066 2288 5152 ..aetarnae

253 5196 329 5264 diit.
380 5183 532 5258 Μιηίιιε
555 5197 701 5277 propter
721 5181 847 5254 febrim
871 5181 939 5254 iter
960 5182 1073 5252 iacere
1089 5206 1161 5251 non
1176 5207 1241 5274 po-
1325 5138 1351 5164 Ἰ
1391 5138 1457 5190 ‘¹⁰¹¹‘
1494 5129 1734 5225 imam&
1753 5155 1780 5207 P·
1798 5135 1856 5188 ¹⁵·
1965 5207 1970 5218 ,
2004 5156 2009 5168 ’

822 5335 828 5343 ,
1289 5227 1518 5341 We
1533 5262 1647 5330 diximus
1661 5267 1747 5345 in'cp.
1763 5236 1900 5340 adstigel.
1914 5265 1942 5323 d.
1955 5243 2074 5323 ihelon.

255 5361 467 5382 Μ
1325 5355 1353 5420 1)
1370 5340 1549 5409 lauritium.
2043 5350 2045 5359 '

288 5452 316 5517 e)
334 5447 515 5511 mptum,
531 5441 742 5500 maiorem,-
832 5492 837 5502 ,
1217 5471 1234 5485 ·.
1324 5435 1595 5516 2)·Edsardusobiit
1610 5435 1682 5494 dictu
1696 5435 1723 5494 d.
1738 5437 1764 5496 6.
1778 5437 1833 5494 lul.
1847 5437 1925 5496 test.

1213 5327 1234 5365 ,Ι
