4712 5828
219 243 328 319 -sar
451 197 455 206 ’

823 239 1258 320 EPISTOLARUM
1308 239 1412 321 LlB.
1438 243 1520 325 xlt
1574 243 1702 321 test.

2198 255 2273 330 268

257 419 317 514 qul
338 419 561 490 laetabuntur
578 418 789 508 cogitatione
805 417 948 490 virtutis
964 416 1152 488 maiorum.
1187 411 1241 484 'l'e
1293 409 1494 510 Georgia
1519 407 1764 502 Fabricio,
1804 418 1977 516 (gubern.
2002 415 2120 494 sedai.
2142 419 2283 522 Misn.)

256 545 397 616 quoque
418 521 490 591 scio
516 523 641 593 talium
666 521 878 611 scriptorum
901 519 1050 589 lectione
1065 515 1241 589 delectari.

258 624 378 713 Quare
401 625 444 693 de
468 617 535 693 hac
557 649 595 693 re
618 625 662 694 ad
685 636 717 694 te
739 623 874 714 scripsi.
924 619 1011 692 Peto
1026 635 1141 690 autem
1157 642 1242 712 pro-

259 739 336 817 pter
357 725 539 794 literarum
562 720 735 830 honorem
760 737 796 794 et
819 723 916 792 aliud
942 722 1109 793 officium.
1172 717 1242 789 ilic

259 823 441 904 ilenricas
465 826 642 896 dedicavit
656 823 804 896 Senatui
823 836 937 893 vestro
961 847 1120 904 carmen,
1146 821 1243 914 quod

257 954 341 998 corn
367 921 532 997 exhibere
559 927 661 1011 velit,
699 949 787 1018 opus
810 938 861 994 est
883 923 915 992 ei
938 921 1243 996 commendatione

262 1045 322 1100 tua
345 1032 391 1100 ad
415 1029 605 1101 consulem.
654 1025 730 1099 Scis
749 1027 810 1096 illa
824 1018 1027 1096 Theocriti:
1061 1021 1165 1120 αὐτῷ
1179 1015 1245 1116 μοί

262 1157 298 1201 τι
319 1127 481 1229 γένοιτο,
518 1125 603 1202 θεοὶ
625 1133 782 1219 τιμῶσιν
805 1120 971 1208 ἀοιδούς·
1020 1126 1092 1196 Nec
1114 1125 1244 1194 mirum

265 1247 334 1316 est,
367 1257 441 1300 non
475 1231 592 1326 appeti
625 1243 761 1300 nostras
790 1252 921 1298 merces
951 1229 991 1298 io
1017 1225 1082 1298 hac
1104 1227 1245 1296 miserta

264 1347 474 1426 temporum.
523 1329 577 1400 Te
591 1345 708 1401 maren
721 1354 795 1412 oro,
816 1345 857 1400 ut
870 1329 1006 1422 aliquid
1022 1329 1053 1398 ei
1070 1329 1246 1420 impetres.

263 1431 361 1504 Bene
375 1435 463 1504 sale.
514 1431 582 1503 Die
601 1429 658 1507 14.
675 1432 819 1524 Aprilis.

283 1871 349 1944 No.
367 1868 478 1942 5683.

270 1969 482 2006 Μ

916 1879 973 1942 id.
987 1871 1066 1954 Ape.
1093 1871 1140 1952 (t.
1155 1871 1225 1955 e.?)

895 1967 1250 2010 w

586 2069 686 2155 Vol.
713 2065 929 2153 Heolero.

336 2255 359 2320 †'
374 2249 412 2305 lit
424 2266 518 2322 apogr.
532 2248 561 2302 ln
573 2243 635 2303 aad.
649 2243 736 2300 Paris·
754 2241 790 2302 D.
804 2241 834 2301 1..
851 2241 910 2305 54⁸.

296 2421 563 2500 Valentino
587 2415 776 2497 Hester,
801 2409 957 2487 Pastori
975 2373 1165 2488 Ecclesiae
1184 2417 1224 2490 in

632 2513 881 2592 Sclswibosea.

267 2666 488 2750 Venerande
503 2671 575 2750 vir,
602 2667 712 2738 amice
729 2668 919 2742 carissime.
955 2667 1119 2740 Delector
1133 2669 1249 2742 officio

266 2794 349 2864 tuo,
380 2779 475 2871 quod
496 2771 631 2866 aliquid
651 2773 695 2840 de
711 2783 771 2841 tua
787 2766 943 2838 Ecclesia
961 2769 1182 2856 significasti,
1210 2795 1250 2842 ac

265 2895 365 2974 peto,
389 2891 430 2948 ut
442 2898 544 2966 saepe
560 2873 604 2942 ad
620 2895 674 2940 me
689 2872 832 2942 scribas.
882 2867 1030 2942 Prodest
1044 2870 1158 2950 enirn,
1184 2895 1250 2942 nos

266 2980 435 3053 omnibus
475 2975 600 3046 officiis
639 2973 731 3043 tueri
760 2973 1046 3042 coniunctionem
1080 2985 1249 3046 nostram.

266 3079 485 3164 Diaconum,
516 3099 621 3170 quem
642 3075 822 3158 misimus,
846 3097 948 3164 spero
968 3087 1059 3142 recte
1074 3071 1248 3143 fracturum

267 3206 341 3253 esse
366 3180 471 3250 officii
496 3178 551 3247 sui
572 3176 720 3248 labores.
770 3170 819 3244 Et
839 3187 919 3243 tuae
944 3173 1150 3266 prudentiae
1171 3173 1250 3259 erit,

157 3351 160 3356 .
246 3275 347 3376 veum
367 3283 575 3374 gobernare.
625 3273 674 3347 Et
691 3277 821 3346 iustum
838 3289 905 3354 est,
931 3299 1011 3343 eum
1030 3273 1095 3344 tibi
1112 3275 1250 3344 obtem-

266 3409 400 3478 perare.
460 3379 514 3451 De
543 3373 727 3447 Stanaaro
765 3387 845 3466 post
876 3375 952 3443 eius
985 3375 1174 3445 discessum
1208 3399 1250 3446 ex

176 3543 184 3558 .
266 3481 521 3558 Francosordia
548 3473 641 3548 nihil
667 3476 789 3548 audivi
814 3487 950 3568 praeter
974 3475 1052 3560 illa,
1090 3499 1179 3570 quae
1209 3489 1250 3546 tu

267 3585 479 3677 significasti.
529 3577 606 3671 Ego
629 3603 708 3652 eum
726 3601 909 3672 nunquam
926 3575 1021 3662 vidi,
1046 3589 1082 3648 et
1097 3575 1249 3669 optarim

267 3690 385 3782 potius
399 3686 550 3753 amicum
566 3705 639 3752 esse
655 3681 784 3752 nostris
797 3673 981 3764 Ecclesiis,
1007 3686 1111 3771 quain
1128 3678 1251 3748 inimi-

268 3813 360 3860 cum.
409 3783 482 3856 Nec
497 3806 657 3874 unquam
673 3782 759 3852 laesi
774 3804 874 3870 eum,
900 3803 979 3852 cum
999 3783 1073 3870 ipse
1090 3781 1128 3848 iu
1145 3803 1201 3848 me
1217 3791 1251 3848 et

267 3890 357 3962 alios
384 3883 608 3956 acerbissime
637 3877 869 3952 debacchatus
890 3882 946 3955 sit.
1012 3879 1081 3951 Sed
1106 3881 1174 3950 tale
1200 3892 1252 3949 est

1294 549 1342 638 S·
1366 561 1412 636 D.
1460 561 1640 652 Fratrem,
1666 569 1782 638 virum
1799 569 1985 662 optimum,
2009 573 2095 644 iussi
2108 575 2154 644 ad
2170 573 2286 646 Sena·

1294 681 1369 738 tum
1396 661 1665 737 Northusaoum
1701 671 1900 762 proficisci,
1936 689 1975 746 ut
2001 699 2118 746 coraro
2146 678 2283 762 audiat,

1295 765 1381 862 quid
1401 767 1509 838 velint
1526 783 1688 844 statuere.
1725 769 1816 844 Nam
1831 797 1928 844 mora
1944 775 2014 846 iam
2030 777 2197 848 attulerat
2214 779 2283 848 ali-

1296 869 1383 962 quid
1413 869 1510 943 novi.
1571 863 1718 944 Obtulit
1751 873 1845 944 euim
1877 875 1968 948 alius
1999 901 2097 948 suam
2125 905 2284 972 operam.

1296 971 1366 1042 Sed
1402 994 1482 1040 cum
1509 967 1660 1044 Senatus
1691 976 1817 1046 adme
1843 977 2055 1070 scripsisset,
2083 979 2204 1050 fratris
2232 981 2284 1050 tui

1299 1067 1512 1140 mentionem
1530 1071 1608 1148 leci.
1646 1073 1714 1146 Sed
1731 1079 2017 1150 commendemus
2030 1105 2095 1152 nos
2111 1081 2186 1151 lilio
2205 1079 2286 1166 Dei,

1213 1224 1222 1241 .
1298 1171 1436 1244 custodi
1447 1167 1642 1262 Ecclesiae,
1667 1175 1724 1247 coi
1739 1191 1779 1248 tu
1795 1203 1936 1274 quoque
1952 1181 2008 1274 pie
2024 1182 2145 1256 servis.

1401 1353 1495 1427 Aula
1513 1357 1612 1430 iubet
1624 1385 1690 1431 nos
1704 1355 1990 1464 Naopyrgom¹)
2007 1365 2188 1450 accedere,
2214 1389 2286 1460 quo

1301 1453 1446 1527 Suevici
1459 1472 1493 1530 et
1505 1453 1679 1531 Hessiaci
1690 1466 1851 1535 doctores
1867 1469 2008 1537 venturi
2025 1455 2098 1537 esse
2120 1469 2284 1537 scribun-

1302 1573 1369 1634 tor.
1402 1557 1555 1630 Miratus
1568 1585 1645 1632 sum
1661 1559 1753 1635 hanc
1771 1569 2001 1660 perniciosam
2018 1573 2288 1666 πολυπραγμο-

1301 1655 1431 1754 σύνην.
1465 1661 1538 1733 Tot
1552 1665 1678 1735 moniti
1694 1669 1881 1757 exemplis,
1907 1669 1944 1737 in
1961 1671 2091 1764 quibus
2107 1669 2288 1754 viderunt,

1302 1776 1474 1856 quantum
1489 1763 1574 1832 mali
1587 1767 1746 1838 adferant
1762 1765 1898 1862 Synodi
1917 1783 1949 1838 et
1963 1769 2102 1840 fucosae
2117 1771 2289 1840 concilia-

1302 1865 1417 1932 tiones
1443 1879 1502 1934 aut
1529 1867 1748 1960 corruptelae
1769 1893 1891 1938 rursus
1914 1869 2077 1940 indicunt
2097 1873 2289 1962 synodum.

1304 1959 1356 2034 Ac
1370 1967 1530 2034 nondum
1545 1967 1628 2050 scio,
1653 1971 1749 2038 unde
1763 1985 1839 2040 orta
1853 1995 1907 2040 res
1922 1971 1977 2042 sit.
2008 1971 2046 2043 Si
2060 1965 2251 2044 Nicolaas
2260 1969 2290 2064 ²)

1304 2065 1342 2132 in
1368 2067 1518 2156 patriam
1545 2069 1696 2154 redibit,
1734 2067 1938 2140 Hessiacum
1970 2066 2152 2142 hominem
2189 2073 2291 2142 vobis

1304 2171 1530 2254 commendo,
1563 2171 1625 2262 qui
1647 2171 1768 2242 scribit
1791 2195 1952 2260 carmen,
1979 2175 2110 2266 dequo
2129 2173 2291 2244 iudicare

1302 2279 1402 2360 potes
1419 2291 1459 2338 ex
1477 2269 1637 2360 pagellis,
1664 2296 1750 2366 quas
1766 2267 1820 2343 bis
1835 2271 1948 2343 literis
1963 2274 2119 2346 adiunxi.
2171 2271 2293 2344 Hodie

1303 2369 1371 2438 iter
1389 2369 1588 2458 ingredior,
1613 2370 1689 2442 Deo
1706 2374 1913 2460 adiuvante,
1939 2375 2053 2445 ituros
2069 2373 2232 2466 Lipsiam
2247 2377 2293 2444 ad

1303 2484 1515 2556 mercatum,
1552 2486 1595 2543 ut
1615 2498 1657 2544 eo
1681 2477 1843 2546 accedere
1862 2477 1959 2546 soleo
1983 2475 2155 2570 colloquii
2175 2500 2291 2548 causa
2327 2497 2335 2516 ·

1303 2565 1351 2640 lit
1372 2595 1467 2640 nunc
1484 2566 1629 2666 Anglos
1651 2569 1806 2668 hospites
1827 2579 1947 2648 doctos
1965 2589 1999 2648 et
2011 2571 2182 2648 honestos
2196 2578 2294 2647 viros

1303 2695 1344 2740 eo
1362 2673 1464 2742 duco.
1517 2669 1716 2750 benevale.
1768 2677 1834 2748 Die
1855 2679 1914 2752 17.
1927 2673 2074 2772 Aprilis.

2037 2807 2240 2904 Philippus.

1316 3200 1383 3276 No.
1400 3197 1512 3276 5585.

1304 3295 1514 3330 m

2129 3217 2283 3300 aas..
2354 3173 2355 3204 ²

2108 3303 2288 3338 m

1644 3403 1743 3489 Vol.
1774 3397 1945 3490 Curtio.

1370 3581 1393 3650 e
1409 3577 1448 3633 a.
1460 3595 1556 3652 ...ge
1570 3575 1599 3631 tn
1612 3575 1674 3633 eoa.
1688 3575 1773 3634 aar..
1790 3575 1828 3632 a.
1841 3575 1870 3631 a.
1883 3577 1943 3634 so.

1302 3742 1513 3820 Reverendo
1540 3746 1618 3816 viro
1638 3740 1840 3818 eruditione
1859 3753 1891 3818 et
1917 3747 2047 3818 virtute
2067 3751 2299 3846 praestanti,

1303 3848 1358 3925 D.
1390 3845 1657 3920 Valentino
1683 3839 1871 3934 Curtio,
1897 3843 2085 3947 Episcopo
2100 3847 2300 3922 Ecclesiae

268 3992 424 4062 seculum
454 3979 543 4068 hoc,
585 3983 728 4074 plenum
761 3982 961 4070 arrogantia
984 3993 1017 4050 et
1046 3980 1251 4072 petulantia.
1302 3947 1382 4022 D‘i
1400 3949 1439 4020 'l'
1457 3941 1882 4052 '’ndsswbllssbssias
1916 3944 2091 4048 ῦϊὲφᾶνφ
2106 3947 2302 4024 Sat-foniti

266 4091 342 4166 Nos
358 4089 513 4160 modeste
527 4085 696 4155 faciamus
713 4107 769 4167 ea,
795 4105 884 4174 quae
901 4097 984 4152 sunt
1003 4083 1115 4153 nostri
1132 4081 1251 4164 officii,

269 4209 303 4264 et
325 4215 390 4262 nos
404 4189 480 4260 Deo
504 4185 812 4268 commendemus,
839 4197 873 4251 et
890 4183 934 4251 ab
950 4207 990 4252 eo
1008 4198 1187 4275 petemus,
1212 4195 1253 4254 ut

1512 4143 1516 4150 ἢ
1536 4047 1693 4135 littoris,
1708 4048 1837 4155 fratri
1846 4074 1914 4121 suo
1931 4047 2061 4124 sariss.

1305 4201 1353 4289 S.
1402 4214 1611 4287 Reverendo
1644 4213 1700 4282 vir
1733 4228 1769 4304 et
1798 4196 1979 4299 ¹carissime
2010 4215 2130 4288 irater.
2182 4213 2300 4310 Apud

268 4317 335 4364 ¹¹⁰⁵
357 4293 528 4410 duim*
550 4303 586 4360 ‘i
603 4287 766 4371 ‘'dim‘’
794 4307 833 4354 ³⁶
848 4284 957 4404 ⁵im¹¹f
972 4305 1143 4404 m²f¹¹9r⁰³
1158 4295 1253 4408 mi:
1302 4315 1489 4388 Platonem
1511 4315 1702 4406 disputatio
1726 4331 1775 4388 est
1800 4317 1843 4385 de
1865 4308 1961 4406 dicto
1977 4314 2192 4388 Simonidis:
2220 4346 2301 4410 χα-

268 4395 438 4465 risdrctr:
465 4386 599 4482 ἀνέχου
617 4385 681 4461 καὶ
695 4383 845 4480 ἀπέχου.
886 4383 993 4456 Metto
1012 4384 1275 4502 trbtpagelltn
1300 4411 1416 4511 ‘hm
1440 4411 1616 4516 γίνεσθαι
1635 4407 1871 4512 τετράγωνον
1890 4409 1955 4504 καὶ
1977 4409 2094 4510 μόνος
2109 4411 2200 4499 θεὸς
2220 4417 2304 4514 ἔχε.

268 4493 368 4567 Bene
385 4493 462 4563 vale
480 4503 514 4561 et
528 4491 690 4565 rescribe.
744 4487 803 4563 ld.
819 4483 964 4580 Aprilis.
1206 4509 1209 4518 ’
1241 4507 1247 4524 ·
1275 4545 1276 4550 ,

1135 4579 1247 4676 Pio*

1208 4689 1214 4707 p
1241 4689 1246 4700 ι

1305 4523 1417 4592 τοῦτο
1431 4515 1562 4617 ptime,-
1583 4509 1901 4614 difficiieestfieri
1913 4513 2124 4616 perfectam,
2142 4525 2174 4586 et
2189 4517 2302 4592 solas

1306 4617 1413 4692 Deus
1434 4614 1502 4693 hoc
1518 4613 1624 4705 decus
1638 4609 1761 4695 habet.
1811 4616 1972 4707 Proiecto
1988 4620 2027 4688 in
2042 4619 2211 4689 omnibus
2228 4617 2304 4692 ho.

1176 4712 1181 4726 '
1301 4723 1465 4802 minibus
1491 4733 1647 4808 naturae,
1669 4714 1857 4805 infirmitas
1891 4743 2017 4816 magna
2047 4733 2122 4804 est..
2156 4722 2305 4794 etiamsi

1100 5035 1145 5100 17
1151 5063 1164 5094 .·
1179 5027 1255 5111 Aps.

610 5219 663 5312 a.
689 5221 914 5310 Fabricio.
1125 5328 1127 5337 ἢ
1207 5217 1212 5253 ¹

339 5393 417 5468 sse
428 5384 586 5466 apographo
598 5385 627 5441 ia
642 5381 738 5441 codice
754 5381 911 5440 zitavienst
928 5400 972 5456 ep.
985 5385 1029 5443 82.
1133 5406 1138 5416 ·

174 5039 178 5050 ,
266 4975 472 5164 ΙΨ.

1303 4821 1550 4912 ,aliusioalio
1560 4843 1698 4914 ‚gqtspe
1719 4820 1903 4916 aliquanta
1924 4823 2005 4915 plus
2018 4806 2128 4893 babet
2141 4823 2306 4898 roboris.

1307 4921 1454 4994 Necesse
1477 4933 1529 4992 est
1550 4935 1665 4991 autem
1689 4945 1980 5014 unumquemque
2002 4945 2063 4992 soa
2085 4936 2182 4992 sorte
2211 4949 2305 4996 coo-

1308 5035 1445 5095 tentom
1469 5045 1553 5098 esse.
1605 5017 1719 5092 Filius
1738 5045 1835 5093 nunc
1849 5017 1916 5092 Dei
1939 5023 2109 5128 beneficio
2124 5037 2223 5096 recte
2237 5051 2306 5096 va-

1309 5194 1534 5214 n—-w-w—

1317 5340 1321 5350 .
1345 5300 1373 5364 l)
1391 5295 1608 5366 Naumbusqun.
1798 5341 1805 5350 .
1886 5337 1890 5346 .

1344 5385 1373 5453 ί)
1391 5381 1519 5440 Nicolsos
1533 5380 1613 5436 Pults
1632 5399 1654 5438 s.
1671 5379 1831 5438 estitit-ss.
