<?xml version="1.0" encoding="UTF-8"?>
<!DOCTYPE html PUBLIC "-//W3C//DTD XHTML 1.0 Transitional//EN"
    "http://www.w3.org/TR/xhtml1/DTD/xhtml1-transitional.dtd">
<html xmlns="http://www.w3.org/1999/xhtml" xml:lang="en" lang="en">
 <head>
  <title>
</title>
<meta http-equiv="Content-Type" content="text/html;charset=utf-8" />
  <meta name='ocr-system' content='tesseract 3.04.00' />
  <meta name='ocr-capabilities' content='ocr_page ocr_carea ocr_par ocr_line ocrx_word'/>
</head>
<body>
  <div class='ocr_page' id='page_1' title='image "./corpusreformato22melagoog/corpusreformato22melagoog_0260.png"; bbox 0 0 4682 5822; ppageno 0'>
   <div class='ocr_carea' id='block_1_1' title="bbox 956 67 1003 100">
    <p class='ocr_par' dir='ltr' id='par_1_1' title="bbox 956 67 1003 100">
     <span class='ocr_line' id='line_1_1' title="bbox 956 67 1003 100; baseline 0 -30"><span class='ocrx_word' id='word_1_1' title='bbox 956 67 979 100; x_wconf 48' lang='lat'><strong><em>‘</em></strong></span> <span class='ocrx_word' id='word_1_2' title='bbox 1001 67 1003 70; x_wconf 86' lang='lat'>.</span> 
     </span>
    </p>
   </div>
   <div class='ocr_carea' id='block_1_2' title="bbox 70 171 2114 297">
    <p class='ocr_par' dir='ltr' id='par_1_2' title="bbox 70 171 2114 297">
     <span class='ocr_line' id='line_1_2' title="bbox 70 171 2114 297; baseline 0.002 -9"><span class='ocrx_word' id='word_1_3' title='bbox 70 209 145 292; x_wconf 82' lang='lat' dir='ltr'>uo</span> <span class='ocrx_word' id='word_1_4' title='bbox 653 205 1092 288; x_wconf 79' lang='lat' dir='ltr'>sersroaaaun</span> <span class='ocrx_word' id='word_1_5' title='bbox 1117 203 1249 283; x_wconf 76' lang='lat' dir='ltr'>cra.</span> <span class='ocrx_word' id='word_1_6' title='bbox 1276 203 1361 284; x_wconf 76' lang='lat' dir='ltr'>xrs.</span> <span class='ocrx_word' id='word_1_7' title='bbox 1414 171 1544 284; x_wconf 79' lang='lat' dir='ltr'>rasa.</span> <span class='ocrx_word' id='word_1_8' title='bbox 1691 235 1697 250; x_wconf 93' lang='lat'><strong>·</strong></span> <span class='ocrx_word' id='word_1_9' title='bbox 2039 218 2114 297; x_wconf 80' lang='lat' dir='ltr'>us</span> 
     </span>
    </p>
   </div>
   <div class='ocr_carea' id='block_1_3' title="bbox 68 373 2112 996">
    <p class='ocr_par' dir='ltr' id='par_1_3' title="bbox 68 373 2112 996">
     <span class='ocr_line' id='line_1_3' title="bbox 70 373 2112 478; baseline 0.005 -26"><span class='ocrx_word' id='word_1_10' title='bbox 70 379 187 478; x_wconf 58' lang='lat' dir='ltr'>inv),</span> <span class='ocrx_word' id='word_1_11' title='bbox 217 401 357 456; x_wconf 85' lang='lat' dir='ltr'>necesse</span> <span class='ocrx_word' id='word_1_12' title='bbox 380 395 450 467; x_wconf 85' lang='lat' dir='ltr'>est,</span> <span class='ocrx_word' id='word_1_13' title='bbox 485 395 520 454; x_wconf 87' lang='lat' dir='ltr'>et</span> <span class='ocrx_word' id='word_1_14' title='bbox 540 383 669 477; x_wconf 73' lang='lat' dir='ltr'>equdem</span> <span class='ocrx_word' id='word_1_15' title='bbox 697 397 733 454; x_wconf 83' lang='lat' dir='ltr'>et</span> <span class='ocrx_word' id='word_1_16' title='bbox 754 381 879 452; x_wconf 85' lang='lat' dir='ltr'>vinum</span> <span class='ocrx_word' id='word_1_17' title='bbox 907 375 1063 465; x_wconf 80' lang='lat' dir='ltr'>vehunt3</span> <span class='ocrx_word' id='word_1_18' title='bbox 1222 373 1345 456; x_wconf 83' lang='lat' dir='ltr'>Tertia</span> <span class='ocrx_word' id='word_1_19' title='bbox 1369 391 1422 468; x_wconf 78' lang='lat' dir='ltr'>est</span> <span class='ocrx_word' id='word_1_20' title='bbox 1442 378 1535 450; x_wconf 86' lang='lat' dir='ltr'>circa</span> <span class='ocrx_word' id='word_1_21' title='bbox 1553 401 1750 454; x_wconf 86' lang='lat' dir='ltr'>sermonem</span> <span class='ocrx_word' id='word_1_22' title='bbox 1765 385 1884 476; x_wconf 90' lang='lat' dir='ltr'>potius</span> <span class='ocrx_word' id='word_1_23' title='bbox 1901 387 2036 478; x_wconf 83' lang='lat' dir='ltr'>ingenii</span> <span class='ocrx_word' id='word_1_24' title='bbox 2057 393 2112 462; x_wconf 66' lang='lat' dir='ltr'>ta</span> 
     </span>
     <span class='ocr_line' id='line_1_4' title="bbox 71 477 2111 582; baseline 0.015 -26"><span class='ocrx_word' id='word_1_25' title='bbox 71 485 204 556; x_wconf 89' lang='lat' dir='ltr'>deinde</span> <span class='ocrx_word' id='word_1_26' title='bbox 227 507 309 556; x_wconf 89' lang='lat' dir='ltr'>cum</span> <span class='ocrx_word' id='word_1_27' title='bbox 325 485 550 566; x_wconf 85' lang='lat' dir='ltr'>advenissent</span> <span class='ocrx_word' id='word_1_28' title='bbox 566 486 784 577; x_wconf 72' lang='lat' dir='ltr'>praedones,</span> <span class='ocrx_word' id='word_1_29' title='bbox 810 483 986 576; x_wconf 76' lang='lat' dir='ltr'>intrepide</span> <span class='ocrx_word' id='word_1_30' title='bbox 1007 507 1064 554; x_wconf 80' lang='lat' dir='ltr'>sa-</span> <span class='ocrx_word' id='word_1_31' title='bbox 1116 477 1229 551; x_wconf 59' lang='lat' dir='ltr'>ffllldi</span> <span class='ocrx_word' id='word_1_32' title='bbox 1244 503 1351 573; x_wconf 56' lang='lat' dir='ltr'>‘illam</span> <span class='ocrx_word' id='word_1_33' title='bbox 1366 479 1503 562; x_wconf 59' lang='lat' dir='ltr'>Vistula</span> <span class='ocrx_word' id='word_1_34' title='bbox 1521 483 1584 552; x_wconf 66' lang='lat' dir='ltr'>”d</span> <span class='ocrx_word' id='word_1_35' title='bbox 1598 485 1795 558; x_wconf 68' lang='lat' dir='ltr'>ffl⁰d⁰²³ll⁰</span> <span class='ocrx_word' id='word_1_36' title='bbox 1812 487 2027 582; x_wconf 59' lang='lat' dir='ltr'>iniillltlluf</span> <span class='ocrx_word' id='word_1_37' title='bbox 2036 514 2111 565; x_wconf 59' lang='grc' dir='ltr'><em>Μ</em></span> 
     </span>
     <span class='ocr_line' id='line_1_5' title="bbox 70 576 2110 685; baseline 0.01 -37"><span class='ocrx_word' id='word_1_38' title='bbox 70 588 162 660; x_wconf 72' lang='lat' dir='ltr'>lum</span> <span class='ocrx_word' id='word_1_39' title='bbox 176 609 256 671; x_wconf 81' lang='lat' dir='ltr'>ens,</span> <span class='ocrx_word' id='word_1_40' title='bbox 270 583 337 672; x_wconf 89' lang='lat' dir='ltr'>ait,</span> <span class='ocrx_word' id='word_1_41' title='bbox 351 609 575 658; x_wconf 84' lang='lat' dir='ltr'>rnoremeese</span> <span class='ocrx_word' id='word_1_42' title='bbox 592 610 677 658; x_wconf 87' lang='lat' dir='ltr'>suae</span> <span class='ocrx_word' id='word_1_43' title='bbox 695 585 869 678; x_wconf 81' lang='lat' dir='ltr'>pratriae,</span> <span class='ocrx_word' id='word_1_44' title='bbox 890 599 931 658; x_wconf 81' lang='lat' dir='ltr'>nt</span> <span class='ocrx_word' id='word_1_45' title='bbox 946 581 1063 658; x_wconf 89' lang='lat' dir='ltr'>homi-</span> <span class='ocrx_word' id='word_1_46' title='bbox 1116 581 1240 655; x_wconf 81' lang='lat' dir='ltr'>virtus.</span> <span class='ocrx_word' id='word_1_47' title='bbox 1285 576 1351 656; x_wconf 79' lang='lat' dir='ltr'>Est</span> <span class='ocrx_word' id='word_1_48' title='bbox 1367 595 1486 654; x_wconf 88' lang='lat' dir='ltr'>antem</span> <span class='ocrx_word' id='word_1_49' title='bbox 1519 603 1558 652; x_wconf 89' lang='lat' dir='ltr'>re</span> <span class='ocrx_word' id='word_1_50' title='bbox 1580 583 1655 674; x_wconf 79' lang='lat' dir='ltr'>ipsa</span> <span class='ocrx_word' id='word_1_51' title='bbox 1671 585 1806 675; x_wconf 86' lang='lat' dir='ltr'>ingenii</span> <span class='ocrx_word' id='word_1_52' title='bbox 1822 591 1998 678; x_wconf 81' lang='lat' dir='ltr'>celeritas,</span> <span class='ocrx_word' id='word_1_53' title='bbox 2020 593 2110 685; x_wconf 57' lang='lat' dir='ltr'>figur</span> 
     </span>
     <span class='ocr_line' id='line_1_6' title="bbox 72 681 2109 782; baseline 0.025 -63"><span class='ocrx_word' id='word_1_54' title='bbox 72 711 134 759; x_wconf 51' lang='lat' dir='ltr'>na</span> <span class='ocrx_word' id='word_1_55' title='bbox 151 687 302 760; x_wconf 50' lang='lat' dir='ltr'><strong>Nobiles</strong></span> <span class='ocrx_word' id='word_1_56' title='bbox 315 689 409 763; x_wconf 56' lang='lat' dir='ltr'>inm</span> <span class='ocrx_word' id='word_1_57' title='bbox 422 713 461 758; x_wconf 56' lang='lat' dir='ltr'>,g</span> <span class='ocrx_word' id='word_1_58' title='bbox 476 689 520 761; x_wconf 60' lang='lat' dir='ltr'>d,</span> <span class='ocrx_word' id='word_1_59' title='bbox 535 689 712 780; x_wconf 54' lang='lat' dir='ltr'><strong>imperiis,</strong></span> <span class='ocrx_word' id='word_1_60' title='bbox 733 690 781 760; x_wconf 66' lang='lat' dir='ltr'>gg</span> <span class='ocrx_word' id='word_1_61' title='bbox 797 713 836 760; x_wconf 60' lang='lat' dir='ltr'>„g</span> <span class='ocrx_word' id='word_1_62' title='bbox 848 687 994 761; x_wconf 52' lang='lat' dir='ltr'>,fluitant</span> <span class='ocrx_word' id='word_1_63' title='bbox 1010 688 1063 758; x_wconf 63' lang='lat' dir='ltr'>fg.</span> <span class='ocrx_word' id='word_1_64' title='bbox 1115 694 1191 752; x_wconf 89' lang='lat' dir='ltr'>rate</span> <span class='ocrx_word' id='word_1_65' title='bbox 1206 681 1402 754; x_wconf 86' lang='lat' dir='ltr'>admonens</span> <span class='ocrx_word' id='word_1_66' title='bbox 1416 696 1477 754; x_wconf 89' lang='lat' dir='ltr'>aut</span> <span class='ocrx_word' id='word_1_67' title='bbox 1491 681 1773 774; x_wconf 89' lang='lat' dir='ltr'>reprehendens,</span> <span class='ocrx_word' id='word_1_68' title='bbox 1799 695 2034 782; x_wconf 85' lang='lat' dir='ltr'>comprobans</span> <span class='ocrx_word' id='word_1_69' title='bbox 2047 712 2109 770; x_wconf 88' lang='lat' dir='ltr'>aut</span> 
     </span>
     <span class='ocr_line' id='line_1_7' title="bbox 70 781 2109 884; baseline 0.007 -28"><span class='ocrx_word' id='word_1_70' title='bbox 70 791 262 864; x_wconf 86' lang='lat' dir='ltr'>miliariter</span> <span class='ocrx_word' id='word_1_71' title='bbox 277 791 316 860; x_wconf 90' lang='lat' dir='ltr'>in</span> <span class='ocrx_word' id='word_1_72' title='bbox 332 791 507 862; x_wconf 86' lang='lat' dir='ltr'>conviviis</span> <span class='ocrx_word' id='word_1_73' title='bbox 521 789 790 884; x_wconf 84' lang='lat' dir='ltr'>colloquantur,</span> <span class='ocrx_word' id='word_1_74' title='bbox 816 804 851 862; x_wconf 90' lang='lat' dir='ltr'>et</span> <span class='ocrx_word' id='word_1_75' title='bbox 874 789 985 862; x_wconf 87' lang='lat' dir='ltr'>multa</span> <span class='ocrx_word' id='word_1_76' title='bbox 1006 787 1064 861; x_wconf 90' lang='lat' dir='ltr'>di·</span> <span class='ocrx_word' id='word_1_77' title='bbox 1115 785 1293 870; x_wconf 81' lang='lat' dir='ltr'>refutans,</span> <span class='ocrx_word' id='word_1_78' title='bbox 1322 809 1383 858; x_wconf 87' lang='lat' dir='ltr'>seu</span> <span class='ocrx_word' id='word_1_79' title='bbox 1406 781 1624 878; x_wconf 77' lang='lat' dir='ltr'>metaphoris</span> <span class='ocrx_word' id='word_1_80' title='bbox 1647 814 1711 862; x_wconf 88' lang='lat' dir='ltr'>seu</span> <span class='ocrx_word' id='word_1_81' title='bbox 1730 792 1846 864; x_wconf 89' lang='lat' dir='ltr'>ironia</span> <span class='ocrx_word' id='word_1_82' title='bbox 1868 818 1931 868; x_wconf 85' lang='lat' dir='ltr'>seu</span> <span class='ocrx_word' id='word_1_83' title='bbox 1957 799 2109 870; x_wconf 66' lang='lat' dir='ltr'>mansla-</span> 
     </span>
     <span class='ocr_line' id='line_1_8' title="bbox 68 875 2108 996; baseline 0.015 -33"><span class='ocrx_word' id='word_1_84' title='bbox 68 905 193 976; x_wconf 84' lang='lat' dir='ltr'>ecant,</span> <span class='ocrx_word' id='word_1_85' title='bbox 217 917 319 986; x_wconf 88' lang='lat' dir='ltr'>saepe</span> <span class='ocrx_word' id='word_1_86' title='bbox 338 893 445 965; x_wconf 88' lang='lat' dir='ltr'>etiam</span> <span class='ocrx_word' id='word_1_87' title='bbox 466 887 680 964; x_wconf 85' lang='lat' dir='ltr'>contrahant</span> <span class='ocrx_word' id='word_1_88' title='bbox 698 893 869 967; x_wconf 78' lang='lat' dir='ltr'>amicitias</span> <span class='ocrx_word' id='word_1_89' title='bbox 892 875 1065 983; x_wconf 75' lang='lat' dir='ltr'>reipubli·</span> <span class='ocrx_word' id='word_1_90' title='bbox 1116 885 1213 956; x_wconf 88' lang='lat' dir='ltr'>tione</span> <span class='ocrx_word' id='word_1_91' title='bbox 1237 909 1441 970; x_wconf 63' lang='lat' dir='ltr'>causarum,</span> <span class='ocrx_word' id='word_1_92' title='bbox 1467 910 1530 960; x_wconf 69' lang='lat'>⁸²¹¹</span> <span class='ocrx_word' id='word_1_93' title='bbox 1551 891 1716 982; x_wconf 62' lang='lat' dir='ltr'>ambigua</span> <span class='ocrx_word' id='word_1_94' title='bbox 1733 895 1913 982; x_wconf 68' lang='lat' dir='ltr'>⁰fflll⁰¹¹⁸s</span> <span class='ocrx_word' id='word_1_95' title='bbox 1937 921 1999 970; x_wconf 76' lang='lat'>⁸⁸¹¹</span> <span class='ocrx_word' id='word_1_96' title='bbox 2013 923 2108 996; x_wconf 68' lang='lat' dir='ltr'>Mil·</span> 
     </span>
    </p>
   </div>
   <div class='ocr_carea' id='block_1_4' title="bbox 9 982 2217 5059">
    <p class='ocr_par' dir='ltr' id='par_1_4' title="bbox 68 982 2152 1798">
     <span class='ocr_line' id='line_1_9' title="bbox 69 982 2110 1094; baseline 0.003 -29"><span class='ocrx_word' id='word_1_97' title='bbox 69 1017 129 1066; x_wconf 87' lang='lat' dir='ltr'>cae</span> <span class='ocrx_word' id='word_1_98' title='bbox 152 993 283 1080; x_wconf 89' lang='lat' dir='ltr'>utiles;</span> <span class='ocrx_word' id='word_1_99' title='bbox 317 995 474 1064; x_wconf 87' lang='lat' dir='ltr'>iudicare</span> <span class='ocrx_word' id='word_1_100' title='bbox 494 1015 549 1080; x_wconf 88' lang='lat' dir='ltr'>se,</span> <span class='ocrx_word' id='word_1_101' title='bbox 574 994 679 1064; x_wconf 90' lang='lat' dir='ltr'>etiarn</span> <span class='ocrx_word' id='word_1_102' title='bbox 700 995 796 1088; x_wconf 90' lang='lat' dir='ltr'>ipsos</span> <span class='ocrx_word' id='word_1_103' title='bbox 813 1017 887 1065; x_wconf 91' lang='lat' dir='ltr'>esse</span> <span class='ocrx_word' id='word_1_104' title='bbox 901 987 1065 1062; x_wconf 88' lang='lat' dir='ltr'>homines</span> <span class='ocrx_word' id='word_1_105' title='bbox 1117 982 1326 1084; x_wconf 74' lang='grc' dir='ltr'><strong><em>ανομασίᾳ,</em></strong></span> <span class='ocrx_word' id='word_1_106' title='bbox 1356 1013 1417 1060; x_wconf 90' lang='lat' dir='ltr'>seu</span> <span class='ocrx_word' id='word_1_107' title='bbox 1438 991 1616 1081; x_wconf 90' lang='lat' dir='ltr'>apologis,</span> <span class='ocrx_word' id='word_1_108' title='bbox 1649 1017 1712 1066; x_wconf 87' lang='lat' dir='ltr'>seu</span> <span class='ocrx_word' id='word_1_109' title='bbox 1736 991 1915 1068; x_wconf 80' lang='lat' dir='ltr'>historicis</span> <span class='ocrx_word' id='word_1_110' title='bbox 1940 1003 2110 1094; x_wconf 71' lang='lat' dir='ltr'>exemplis</span> 
     </span>
     <span class='ocr_line' id='line_1_10' title="bbox 69 1089 2107 1187; baseline 0.007 -21"><span class='ocrx_word' id='word_1_111' title='bbox 69 1097 232 1182; x_wconf 85' lang='lat' dir='ltr'>nobiles,</span> <span class='ocrx_word' id='word_1_112' title='bbox 255 1110 290 1168; x_wconf 90' lang='lat' dir='ltr'>et</span> <span class='ocrx_word' id='word_1_113' title='bbox 313 1109 449 1187; x_wconf 90' lang='lat' dir='ltr'>petere,</span> <span class='ocrx_word' id='word_1_114' title='bbox 473 1109 514 1168; x_wconf 92' lang='lat' dir='ltr'>ut</span> <span class='ocrx_word' id='word_1_115' title='bbox 536 1121 617 1166; x_wconf 90' lang='lat' dir='ltr'>cum</span> <span class='ocrx_word' id='word_1_116' title='bbox 639 1097 717 1168; x_wconf 85' lang='lat' dir='ltr'>viro</span> <span class='ocrx_word' id='word_1_117' title='bbox 743 1095 929 1186; x_wconf 88' lang='lat' dir='ltr'>peregrino</span> <span class='ocrx_word' id='word_1_118' title='bbox 948 1095 1064 1169; x_wconf 83' lang='lat' dir='ltr'>etdu-</span> <span class='ocrx_word' id='word_1_119' title='bbox 1117 1113 1179 1160; x_wconf 90' lang='lat' dir='ltr'>seu</span> <span class='ocrx_word' id='word_1_120' title='bbox 1194 1089 1337 1162; x_wconf 90' lang='lat' dir='ltr'>cornicis</span> <span class='ocrx_word' id='word_1_121' title='bbox 1349 1114 1412 1162; x_wconf 93' lang='lat' dir='ltr'>seu</span> <span class='ocrx_word' id='word_1_122' title='bbox 1433 1093 1592 1182; x_wconf 65' lang='lat' dir='ltr'>tragicis.</span> <span class='ocrx_word' id='word_1_123' title='bbox 1617 1119 1680 1166; x_wconf 66' lang='lat'>⁸⁸1¹</span> <span class='ocrx_word' id='word_1_124' title='bbox 1694 1099 1848 1187; x_wconf 73' lang='lat' dir='ltr'>gnomis·</span> <span class='ocrx_word' id='word_1_125' title='bbox 1899 1098 1990 1172; x_wconf 83' lang='lat' dir='ltr'>Cum</span> <span class='ocrx_word' id='word_1_126' title='bbox 2012 1103 2107 1174; x_wconf 78' lang='lat' dir='ltr'>enim</span> 
     </span>
     <span class='ocr_line' id='line_1_11' title="bbox 69 1191 2107 1293; baseline 0.003 -24"><span class='ocrx_word' id='word_1_127' title='bbox 69 1213 169 1270; x_wconf 88' lang='lat' dir='ltr'>ctore</span> <span class='ocrx_word' id='word_1_128' title='bbox 202 1199 417 1271; x_wconf 74' lang='lat' dir='ltr'>exercituum</span> <span class='ocrx_word' id='word_1_129' title='bbox 450 1200 659 1288; x_wconf 86' lang='lat' dir='ltr'>prandeant.</span> <span class='ocrx_word' id='word_1_130' title='bbox 726 1195 922 1268; x_wconf 80' lang='lat' dir='ltr'>Moventur</span> <span class='ocrx_word' id='word_1_131' title='bbox 959 1197 1063 1266; x_wconf 89' lang='lat' dir='ltr'>etiam</span> <span class='ocrx_word' id='word_1_132' title='bbox 1118 1191 1279 1274; x_wconf 78' lang='lat' dir='ltr'>celeriter</span> <span class='ocrx_word' id='word_1_133' title='bbox 1304 1217 1404 1262; x_wconf 89' lang='lat' dir='ltr'>mens</span> <span class='ocrx_word' id='word_1_134' title='bbox 1430 1207 1464 1266; x_wconf 90' lang='lat' dir='ltr'>et</span> <span class='ocrx_word' id='word_1_135' title='bbox 1490 1208 1628 1288; x_wconf 90' lang='lat' dir='ltr'>praeter</span> <span class='ocrx_word' id='word_1_136' title='bbox 1654 1199 1806 1270; x_wconf 88' lang='lat' dir='ltr'>aliorum</span> <span class='ocrx_word' id='word_1_137' title='bbox 1831 1204 2107 1293; x_wconf 72' lang='lat' dir='ltr'>expectationem</span> 
     </span>
     <span class='ocr_line' id='line_1_12' title="bbox 68 1293 2106 1391; baseline 0.003 -21"><span class='ocrx_word' id='word_1_138' title='bbox 68 1300 219 1370; x_wconf 88' lang='lat' dir='ltr'>barbari</span> <span class='ocrx_word' id='word_1_139' title='bbox 241 1294 404 1370; x_wconf 88' lang='lat' dir='ltr'>homines</span> <span class='ocrx_word' id='word_1_140' title='bbox 424 1300 626 1372; x_wconf 85' lang='lat' dir='ltr'>illustribus</span> <span class='ocrx_word' id='word_1_141' title='bbox 640 1299 750 1391; x_wconf 90' lang='lat' dir='ltr'>signis</span> <span class='ocrx_word' id='word_1_142' title='bbox 764 1299 919 1372; x_wconf 89' lang='lat' dir='ltr'>virtutis.</span> <span class='ocrx_word' id='word_1_143' title='bbox 971 1296 1062 1371; x_wconf 86' lang='lat' dir='ltr'>Cum</span> <span class='ocrx_word' id='word_1_144' title='bbox 1116 1293 1200 1366; x_wconf 83' lang='lat' dir='ltr'>iacit</span> <span class='ocrx_word' id='word_1_145' title='bbox 1215 1295 1440 1366; x_wconf 88' lang='lat' dir='ltr'>collationem</span> <span class='ocrx_word' id='word_1_146' title='bbox 1457 1321 1537 1366; x_wconf 89' lang='lat' dir='ltr'>cum</span> <span class='ocrx_word' id='word_1_147' title='bbox 1554 1321 1592 1368; x_wconf 90' lang='lat' dir='ltr'>re</span> <span class='ocrx_word' id='word_1_148' title='bbox 1604 1299 1733 1386; x_wconf 90' lang='lat' dir='ltr'>simili,</span> <span class='ocrx_word' id='word_1_149' title='bbox 1758 1315 1821 1374; x_wconf 91' lang='lat' dir='ltr'>ant</span> <span class='ocrx_word' id='word_1_150' title='bbox 1839 1305 2007 1378; x_wconf 77' lang='lat' dir='ltr'>transfert</span> <span class='ocrx_word' id='word_1_151' title='bbox 2024 1331 2106 1378; x_wconf 88' lang='lat' dir='ltr'>cau-</span> 
     </span>
     <span class='ocr_line' id='line_1_13' title="bbox 68 1393 2107 1502; baseline 0.001 -32"><span class='ocrx_word' id='word_1_152' title='bbox 68 1404 183 1492; x_wconf 89' lang='lat' dir='ltr'>igitur</span> <span class='ocrx_word' id='word_1_153' title='bbox 212 1402 408 1472; x_wconf 83' lang='lat' dir='ltr'>latrunculi</span> <span class='ocrx_word' id='word_1_154' title='bbox 442 1401 562 1477; x_wconf 87' lang='lat' dir='ltr'>audita</span> <span class='ocrx_word' id='word_1_155' title='bbox 588 1396 655 1474; x_wconf 89' lang='lat' dir='ltr'>hac</span> <span class='ocrx_word' id='word_1_156' title='bbox 678 1401 839 1474; x_wconf 85' lang='lat' dir='ltr'>oratione</span> <span class='ocrx_word' id='word_1_157' title='bbox 859 1401 1066 1491; x_wconf 78' lang='lat' dir='ltr'>cogitarent,</span> <span class='ocrx_word' id='word_1_158' title='bbox 1117 1419 1191 1480; x_wconf 91' lang='lat' dir='ltr'>sas,</span> <span class='ocrx_word' id='word_1_159' title='bbox 1214 1393 1436 1468; x_wconf 86' lang='lat' dir='ltr'>concinnitas</span> <span class='ocrx_word' id='word_1_160' title='bbox 1454 1399 1727 1472; x_wconf 85' lang='lat' dir='ltr'>admirationem</span> <span class='ocrx_word' id='word_1_161' title='bbox 1748 1404 1860 1495; x_wconf 85' lang='lat' dir='ltr'>parit,</span> <span class='ocrx_word' id='word_1_162' title='bbox 1885 1431 1994 1502; x_wconf 73' lang='lat' dir='ltr'>caepae</span> <span class='ocrx_word' id='word_1_163' title='bbox 2014 1409 2107 1480; x_wconf 80' lang='lat' dir='ltr'>dieta</span> 
     </span>
     <span class='ocr_line' id='line_1_14' title="bbox 69 1497 2107 1596; baseline 0.004 -22"><span class='ocrx_word' id='word_1_164' title='bbox 69 1503 240 1574; x_wconf 81' lang='lat' dir='ltr'>eximiam</span> <span class='ocrx_word' id='word_1_165' title='bbox 258 1503 296 1572; x_wconf 91' lang='lat' dir='ltr'>in</span> <span class='ocrx_word' id='word_1_166' title='bbox 313 1497 382 1572; x_wconf 91' lang='lat' dir='ltr'>hoc</span> <span class='ocrx_word' id='word_1_167' title='bbox 401 1503 479 1574; x_wconf 89' lang='lat' dir='ltr'>viro</span> <span class='ocrx_word' id='word_1_168' title='bbox 497 1503 664 1574; x_wconf 87' lang='lat' dir='ltr'>virtutem</span> <span class='ocrx_word' id='word_1_169' title='bbox 689 1527 783 1586; x_wconf 87' lang='lat' dir='ltr'>esse,</span> <span class='ocrx_word' id='word_1_170' title='bbox 808 1505 853 1573; x_wconf 91' lang='lat' dir='ltr'>de</span> <span class='ocrx_word' id='word_1_171' title='bbox 877 1503 976 1596; x_wconf 89' lang='lat' dir='ltr'>equis</span> <span class='ocrx_word' id='word_1_172' title='bbox 1001 1504 1064 1572; x_wconf 86' lang='lat' dir='ltr'>de·</span> <span class='ocrx_word' id='word_1_173' title='bbox 1117 1511 1203 1570; x_wconf 90' lang='lat' dir='ltr'>sunt</span> <span class='ocrx_word' id='word_1_174' title='bbox 1218 1497 1304 1568; x_wconf 88' lang='lat' dir='ltr'>alias</span> <span class='ocrx_word' id='word_1_175' title='bbox 1321 1499 1389 1570; x_wconf 90' lang='lat' dir='ltr'>ioci</span> <span class='ocrx_word' id='word_1_176' title='bbox 1407 1500 1446 1568; x_wconf 89' lang='lat' dir='ltr'>in</span> <span class='ocrx_word' id='word_1_177' title='bbox 1462 1501 1606 1572; x_wconf 88' lang='lat' dir='ltr'>materia</span> <span class='ocrx_word' id='word_1_178' title='bbox 1625 1498 1751 1590; x_wconf 92' lang='lat' dir='ltr'>hilari,</span> <span class='ocrx_word' id='word_1_179' title='bbox 1777 1507 1865 1576; x_wconf 88' lang='lat' dir='ltr'>alias</span> <span class='ocrx_word' id='word_1_180' title='bbox 1881 1510 1994 1580; x_wconf 89' lang='lat' dir='ltr'>aculei</span> <span class='ocrx_word' id='word_1_181' title='bbox 2010 1533 2107 1584; x_wconf 87' lang='lat' dir='ltr'>ecer-</span> 
     </span>
     <span class='ocr_line' id='line_1_15' title="bbox 69 1599 2152 1708; baseline 0.004 -32"><span class='ocrx_word' id='word_1_182' title='bbox 69 1607 268 1688; x_wconf 83' lang='lat' dir='ltr'>acendunt,</span> <span class='ocrx_word' id='word_1_183' title='bbox 289 1619 491 1676; x_wconf 86' lang='lat' dir='ltr'>reverenter</span> <span class='ocrx_word' id='word_1_184' title='bbox 506 1605 680 1690; x_wconf 87' lang='lat' dir='ltr'>salutant,</span> <span class='ocrx_word' id='word_1_185' title='bbox 702 1605 859 1677; x_wconf 85' lang='lat' dir='ltr'>assident</span> <span class='ocrx_word' id='word_1_186' title='bbox 873 1605 906 1674; x_wconf 91' lang='lat' dir='ltr'>ei</span> <span class='ocrx_word' id='word_1_187' title='bbox 922 1605 960 1672; x_wconf 93' lang='lat' dir='ltr'>in</span> <span class='ocrx_word' id='word_1_188' title='bbox 987 1629 1065 1674; x_wconf 92' lang='lat' dir='ltr'>are·</span> <span class='ocrx_word' id='word_1_189' title='bbox 1117 1600 1161 1668; x_wconf 90' lang='lat' dir='ltr'>be</span> <span class='ocrx_word' id='word_1_190' title='bbox 1182 1612 1339 1670; x_wconf 84' lang='lat' dir='ltr'>taxantes</span> <span class='ocrx_word' id='word_1_191' title='bbox 1363 1601 1511 1696; x_wconf 89' lang='lat' dir='ltr'>aliquid.</span> <span class='ocrx_word' id='word_1_192' title='bbox 1564 1599 1707 1676; x_wconf 86' lang='lat' dir='ltr'>Pictura</span> <span class='ocrx_word' id='word_1_193' title='bbox 1735 1608 1885 1699; x_wconf 89' lang='lat' dir='ltr'>insignis</span> <span class='ocrx_word' id='word_1_194' title='bbox 1905 1611 1994 1696; x_wconf 84' lang='lat' dir='ltr'>suit,</span> <span class='ocrx_word' id='word_1_195' title='bbox 2026 1637 2106 1700; x_wconf 85' lang='lat' dir='ltr'>cum</span> <span class='ocrx_word' id='word_1_196' title='bbox 2148 1695 2152 1708; x_wconf 32' lang='grc' dir='ltr'>Ι</span> 
     </span>
     <span class='ocr_line' id='line_1_16' title="bbox 70 1695 2107 1798; baseline 0.004 -22"><span class='ocrx_word' id='word_1_197' title='bbox 70 1709 127 1776; x_wconf 86' lang='lat' dir='ltr'>nis</span> <span class='ocrx_word' id='word_1_198' title='bbox 142 1720 180 1778; x_wconf 90' lang='lat' dir='ltr'>et</span> <span class='ocrx_word' id='word_1_199' title='bbox 195 1705 302 1778; x_wconf 83' lang='lat' dir='ltr'>simul</span> <span class='ocrx_word' id='word_1_200' title='bbox 326 1709 513 1798; x_wconf 89' lang='lat' dir='ltr'>prandent.</span> <span class='ocrx_word' id='word_1_201' title='bbox 566 1705 695 1780; x_wconf 85' lang='lat' dir='ltr'>Narrat</span> <span class='ocrx_word' id='word_1_202' title='bbox 712 1703 981 1780; x_wconf 80' lang='lat' dir='ltr'>Sanseeerinus</span> <span class='ocrx_word' id='word_1_203' title='bbox 1003 1729 1066 1798; x_wconf 94' lang='lat' dir='ltr'>per</span> <span class='ocrx_word' id='word_1_204' title='bbox 1117 1695 1306 1772; x_wconf 80' lang='lat' dir='ltr'>Demades</span> <span class='ocrx_word' id='word_1_205' title='bbox 1327 1702 1394 1788; x_wconf 88' lang='lat' dir='ltr'>ait,</span> <span class='ocrx_word' id='word_1_206' title='bbox 1419 1699 1624 1774; x_wconf 85' lang='lat' dir='ltr'>Alexandro</span> <span class='ocrx_word' id='word_1_207' title='bbox 1647 1721 1789 1780; x_wconf 90' lang='lat' dir='ltr'>mortuo</span> <span class='ocrx_word' id='word_1_208' title='bbox 1814 1713 2004 1784; x_wconf 87' lang='lat' dir='ltr'>exercitum</span> <span class='ocrx_word' id='word_1_209' title='bbox 2031 1715 2107 1786; x_wconf 90' lang='lat' dir='ltr'>eius</span> 
     </span>
    </p>

    <p class='ocr_par' dir='ltr' id='par_1_5' title="bbox 9 1801 2217 5059">
     <span class='ocr_line' id='line_1_17' title="bbox 70 1801 2109 1908; baseline 0.004 -31"><span class='ocrx_word' id='word_1_210' title='bbox 70 1809 324 1900; x_wconf 84' lang='lat' dir='ltr'>interpretem,</span> <span class='ocrx_word' id='word_1_211' title='bbox 348 1831 386 1878; x_wconf 92' lang='lat' dir='ltr'>se</span> <span class='ocrx_word' id='word_1_212' title='bbox 401 1803 584 1880; x_wconf 91' lang='lat' dir='ltr'>hominem</span> <span class='ocrx_word' id='word_1_213' title='bbox 599 1807 729 1879; x_wconf 87' lang='lat' dir='ltr'>ltalurn</span> <span class='ocrx_word' id='word_1_214' title='bbox 744 1833 835 1895; x_wconf 88' lang='lat' dir='ltr'>csse,</span> <span class='ocrx_word' id='word_1_215' title='bbox 860 1821 895 1880; x_wconf 91' lang='lat' dir='ltr'>et</span> <span class='ocrx_word' id='word_1_216' title='bbox 912 1831 1066 1880; x_wconf 87' lang='lat' dir='ltr'>comme·</span> <span class='ocrx_word' id='word_1_217' title='bbox 1116 1801 1270 1872; x_wconf 87' lang='lat' dir='ltr'>similem</span> <span class='ocrx_word' id='word_1_218' title='bbox 1293 1826 1367 1874; x_wconf 87' lang='lat' dir='ltr'>esse</span> <span class='ocrx_word' id='word_1_219' title='bbox 1386 1801 1537 1900; x_wconf 90' lang='lat' dir='ltr'>Cyclopi</span> <span class='ocrx_word' id='word_1_220' title='bbox 1561 1808 1686 1878; x_wconf 86' lang='lat' dir='ltr'>effosso</span> <span class='ocrx_word' id='word_1_221' title='bbox 1706 1811 1822 1886; x_wconf 90' lang='lat' dir='ltr'>oculo.</span> <span class='ocrx_word' id='word_1_222' title='bbox 1873 1811 1942 1884; x_wconf 85' lang='lat' dir='ltr'>llic</span> <span class='ocrx_word' id='word_1_223' title='bbox 1972 1815 2109 1908; x_wconf 84' lang='lat' dir='ltr'>peperit</span> 
     </span>
     <span class='ocr_line' id='line_1_18' title="bbox 70 1905 2108 2004; baseline 0.004 -24"><span class='ocrx_word' id='word_1_224' title='bbox 70 1923 212 1996; x_wconf 89' lang='lat' dir='ltr'>murat,</span> <span class='ocrx_word' id='word_1_225' title='bbox 237 1910 613 2003; x_wconf 87' lang='lat' dir='ltr'>quaesintpraecipua</span> <span class='ocrx_word' id='word_1_226' title='bbox 631 1912 669 1980; x_wconf 90' lang='lat' dir='ltr'>in</span> <span class='ocrx_word' id='word_1_227' title='bbox 687 1907 975 2004; x_wconf 84' lang='lat' dir='ltr'>Europaregna,</span> <span class='ocrx_word' id='word_1_228' title='bbox 1001 1931 1066 1980; x_wconf 92' lang='lat' dir='ltr'>nec</span> <span class='ocrx_word' id='word_1_229' title='bbox 1117 1905 1390 1976; x_wconf 89' lang='lat' dir='ltr'>admirationem</span> <span class='ocrx_word' id='word_1_230' title='bbox 1424 1907 1646 1982; x_wconf 88' lang='lat' dir='ltr'>concinnitas</span> <span class='ocrx_word' id='word_1_231' title='bbox 1668 1911 1705 1980; x_wconf 91' lang='lat' dir='ltr'>in</span> <span class='ocrx_word' id='word_1_232' title='bbox 1733 1913 1934 1986; x_wconf 86' lang='lat' dir='ltr'>collatione.</span> <span class='ocrx_word' id='word_1_233' title='bbox 1990 1913 2108 1988; x_wconf 89' lang='lat' dir='ltr'>Meta-</span> 
     </span>
     <span class='ocr_line' id='line_1_19' title="bbox 71 2001 2108 2106; baseline 0.004 -24"><span class='ocrx_word' id='word_1_234' title='bbox 71 2035 199 2102; x_wconf 87' lang='lat' dir='ltr'>regum</span> <span class='ocrx_word' id='word_1_235' title='bbox 222 2034 295 2080; x_wconf 89' lang='lat' dir='ltr'>esse</span> <span class='ocrx_word' id='word_1_236' title='bbox 316 2011 492 2081; x_wconf 78' lang='lat' dir='ltr'>infinitam</span> <span class='ocrx_word' id='word_1_237' title='bbox 520 2025 729 2106; x_wconf 88' lang='lat' dir='ltr'>potestatem</span> <span class='ocrx_word' id='word_1_238' title='bbox 752 2015 814 2082; x_wconf 87' lang='lat' dir='ltr'>sed</span> <span class='ocrx_word' id='word_1_239' title='bbox 835 2013 974 2101; x_wconf 88' lang='lat' dir='ltr'>legibus</span> <span class='ocrx_word' id='word_1_240' title='bbox 995 2012 1066 2082; x_wconf 87' lang='lat' dir='ltr'>cir·</span> <span class='ocrx_word' id='word_1_241' title='bbox 1119 2001 1253 2100; x_wconf 91' lang='lat' dir='ltr'>phorae</span> <span class='ocrx_word' id='word_1_242' title='bbox 1282 2021 1451 2078; x_wconf 83' lang='lat' dir='ltr'>venustae</span> <span class='ocrx_word' id='word_1_243' title='bbox 1482 2022 1565 2078; x_wconf 90' lang='lat' dir='ltr'>sunt</span> <span class='ocrx_word' id='word_1_244' title='bbox 1597 2012 1636 2082; x_wconf 92' lang='lat' dir='ltr'>in</span> <span class='ocrx_word' id='word_1_245' title='bbox 1665 2014 1778 2084; x_wconf 86' lang='lat' dir='ltr'>dicto:</span> <span class='ocrx_word' id='word_1_246' title='bbox 1809 2011 1923 2086; x_wconf 85' lang='lat' dir='ltr'>aliud</span> <span class='ocrx_word' id='word_1_247' title='bbox 1951 2027 2003 2088; x_wconf 80' lang='lat' dir='ltr'>est</span> <span class='ocrx_word' id='word_1_248' title='bbox 2033 2041 2108 2092; x_wconf 79' lang='lat' dir='ltr'>sce·</span> 
     </span>
     <span class='ocr_line' id='line_1_20' title="bbox 71 2099 2152 2207; baseline 0.003 -23"><span class='ocrx_word' id='word_1_249' title='bbox 71 2112 342 2204; x_wconf 88' lang='lat' dir='ltr'>cumscriptam,</span> <span class='ocrx_word' id='word_1_250' title='bbox 363 2126 397 2182; x_wconf 91' lang='lat' dir='ltr'>et</span> <span class='ocrx_word' id='word_1_251' title='bbox 410 2116 542 2203; x_wconf 86' lang='lat' dir='ltr'>gradus</span> <span class='ocrx_word' id='word_1_252' title='bbox 558 2137 631 2184; x_wconf 88' lang='lat' dir='ltr'>esse</span> <span class='ocrx_word' id='word_1_253' title='bbox 642 2109 850 2198; x_wconf 90' lang='lat' dir='ltr'>hominum,</span> <span class='ocrx_word' id='word_1_254' title='bbox 867 2113 1067 2186; x_wconf 89' lang='lat' dir='ltr'>distinctio·</span> <span class='ocrx_word' id='word_1_255' title='bbox 1115 2117 1260 2206; x_wconf 70' lang='lat' dir='ltr'>pirum,</span> <span class='ocrx_word' id='word_1_256' title='bbox 1274 2099 1388 2178; x_wconf 86' lang='lat' dir='ltr'>aliud</span> <span class='ocrx_word' id='word_1_257' title='bbox 1396 2105 1595 2207; x_wconf 79' lang='lat' dir='ltr'>plectrum,</span> <span class='ocrx_word' id='word_1_258' title='bbox 1620 2129 1655 2184; x_wconf 90' lang='lat' dir='ltr'>et</span> <span class='ocrx_word' id='word_1_259' title='bbox 1666 2118 1864 2188; x_wconf 88' lang='lat' dir='ltr'>admonitio</span> <span class='ocrx_word' id='word_1_260' title='bbox 1881 2117 2028 2206; x_wconf 85' lang='lat' dir='ltr'>figurata</span> <span class='ocrx_word' id='word_1_261' title='bbox 2044 2136 2108 2206; x_wconf 88' lang='lat' dir='ltr'>cst,</span> <span class='ocrx_word' id='word_1_262' title='bbox 2150 2139 2152 2145; x_wconf 77' lang='grc'>’</span> 
     </span>
     <span class='ocr_line' id='line_1_21' title="bbox 70 2211 2111 2310; baseline 0.003 -26"><span class='ocrx_word' id='word_1_263' title='bbox 70 2239 156 2284; x_wconf 89' lang='lat' dir='ltr'>nem</span> <span class='ocrx_word' id='word_1_264' title='bbox 174 2214 420 2284; x_wconf 86' lang='lat' dir='ltr'>dominiorum</span> <span class='ocrx_word' id='word_1_265' title='bbox 438 2228 474 2286; x_wconf 92' lang='lat' dir='ltr'>et</span> <span class='ocrx_word' id='word_1_266' title='bbox 491 2216 636 2298; x_wconf 82' lang='lat' dir='ltr'>iudicia,</span> <span class='ocrx_word' id='word_1_267' title='bbox 657 2217 801 2288; x_wconf 81' lang='lat' dir='ltr'>delendi</span> <span class='ocrx_word' id='word_1_268' title='bbox 817 2216 927 2286; x_wconf 88' lang='lat' dir='ltr'>iustos</span> <span class='ocrx_word' id='word_1_269' title='bbox 942 2228 1064 2284; x_wconf 89' lang='lat' dir='ltr'>contra</span> <span class='ocrx_word' id='word_1_270' title='bbox 1117 2235 1163 2280; x_wconf 90' lang='lat' dir='ltr'>ne</span> <span class='ocrx_word' id='word_1_271' title='bbox 1177 2235 1238 2280; x_wconf 85' lang='lat' dir='ltr'>rex</span> <span class='ocrx_word' id='word_1_272' title='bbox 1254 2211 1388 2284; x_wconf 91' lang='lat' dir='ltr'>indicet</span> <span class='ocrx_word' id='word_1_273' title='bbox 1402 2213 1447 2280; x_wconf 90' lang='lat' dir='ltr'>de</span> <span class='ocrx_word' id='word_1_274' title='bbox 1462 2227 1556 2299; x_wconf 89' lang='lat' dir='ltr'>arte,</span> <span class='ocrx_word' id='word_1_275' title='bbox 1581 2239 1687 2310; x_wconf 89' lang='lat' dir='ltr'>quarn</span> <span class='ocrx_word' id='word_1_276' title='bbox 1706 2241 1781 2287; x_wconf 89' lang='lat' dir='ltr'>non</span> <span class='ocrx_word' id='word_1_277' title='bbox 1797 2219 1965 2310; x_wconf 88' lang='lat' dir='ltr'>intelligit</span> <span class='ocrx_word' id='word_1_278' title='bbox 1986 2237 2027 2292; x_wconf 91' lang='lat' dir='ltr'>ut</span> <span class='ocrx_word' id='word_1_279' title='bbox 2049 2249 2111 2308; x_wconf 47' lang='lat' dir='ltr'>arg</span> 
     </span>
     <span class='ocr_line' id='line_1_22' title="bbox 70 2309 2106 2408; baseline 0.004 -22"><span class='ocrx_word' id='word_1_280' title='bbox 70 2317 246 2400; x_wconf 88' lang='lat' dir='ltr'>iniurias,</span> <span class='ocrx_word' id='word_1_281' title='bbox 270 2316 364 2385; x_wconf 87' lang='lat' dir='ltr'>helle</span> <span class='ocrx_word' id='word_1_282' title='bbox 385 2317 490 2386; x_wconf 89' lang='lat' dir='ltr'>etiam</span> <span class='ocrx_word' id='word_1_283' title='bbox 513 2315 625 2390; x_wconf 92' lang='lat' dir='ltr'>indici</span> <span class='ocrx_word' id='word_1_284' title='bbox 648 2331 681 2388; x_wconf 93' lang='lat' dir='ltr'>et</span> <span class='ocrx_word' id='word_1_285' title='bbox 707 2318 781 2408; x_wconf 90' lang='lat' dir='ltr'>geri</span> <span class='ocrx_word' id='word_1_286' title='bbox 798 2316 902 2388; x_wconf 88' lang='lat' dir='ltr'>certis</span> <span class='ocrx_word' id='word_1_287' title='bbox 918 2317 1066 2408; x_wconf 89' lang='lat' dir='ltr'>legibus.</span> <span class='ocrx_word' id='word_1_288' title='bbox 1118 2311 1214 2382; x_wconf 82' lang='lat' dir='ltr'>tifex.</span> <span class='ocrx_word' id='word_1_289' title='bbox 1265 2309 1469 2384; x_wconf 89' lang='lat' dir='ltr'>Translatio</span> <span class='ocrx_word' id='word_1_290' title='bbox 1484 2337 1667 2386; x_wconf 88' lang='lat' dir='ltr'>cansarum</span> <span class='ocrx_word' id='word_1_291' title='bbox 1685 2331 1736 2390; x_wconf 91' lang='lat' dir='ltr'>est</span> <span class='ocrx_word' id='word_1_292' title='bbox 1750 2321 1795 2388; x_wconf 91' lang='lat' dir='ltr'>de</span> <span class='ocrx_word' id='word_1_293' title='bbox 1809 2309 1943 2392; x_wconf 78' lang='lat' dir='ltr'>Clodii</span> <span class='ocrx_word' id='word_1_294' title='bbox 1956 2323 2106 2396; x_wconf 87' lang='lat' dir='ltr'>iudicio:</span> 
     </span>
     <span class='ocr_line' id='line_1_23' title="bbox 69 2403 2108 2514; baseline 0.002 -24"><span class='ocrx_word' id='word_1_295' title='bbox 69 2417 203 2490; x_wconf 84' lang='lat' dir='ltr'>Narrat</span> <span class='ocrx_word' id='word_1_296' title='bbox 217 2417 337 2512; x_wconf 86' lang='lat' dir='ltr'>qualia</span> <span class='ocrx_word' id='word_1_297' title='bbox 352 2417 425 2502; x_wconf 84' lang='lat' dir='ltr'>sint</span> <span class='ocrx_word' id='word_1_298' title='bbox 442 2441 558 2506; x_wconf 88' lang='lat' dir='ltr'>arma,</span> <span class='ocrx_word' id='word_1_299' title='bbox 582 2414 712 2514; x_wconf 80' lang='lat' dir='ltr'>quae⁸)</span> <span class='ocrx_word' id='word_1_300' title='bbox 729 2421 819 2492; x_wconf 89' lang='lat' dir='ltr'>ratio</span> <span class='ocrx_word' id='word_1_301' title='bbox 836 2417 1067 2511; x_wconf 91' lang='lat' dir='ltr'>oppugnandi</span> <span class='ocrx_word' id='word_1_302' title='bbox 1117 2437 1205 2484; x_wconf 87' lang='lat' dir='ltr'>num</span> <span class='ocrx_word' id='word_1_303' title='bbox 1223 2403 1304 2484; x_wconf 83' lang='lat' dir='ltr'>ideo</span> <span class='ocrx_word' id='word_1_304' title='bbox 1317 2409 1546 2512; x_wconf 84' lang='lat' dir='ltr'>praesidinm</span> <span class='ocrx_word' id='word_1_305' title='bbox 1558 2415 1733 2514; x_wconf 80' lang='lat' dir='ltr'>poscitis,</span> <span class='ocrx_word' id='word_1_306' title='bbox 1750 2443 1794 2492; x_wconf 90' lang='lat' dir='ltr'>ne</span> <span class='ocrx_word' id='word_1_307' title='bbox 1810 2443 1980 2496; x_wconf 83' lang='lat' dir='ltr'>nummus</span> <span class='ocrx_word' id='word_1_308' title='bbox 1995 2423 2108 2496; x_wconf 69' lang='lat' dir='ltr'>amit-</span> 
     </span>
     <span class='ocr_line' id='line_1_24' title="bbox 73 2507 2106 2616; baseline 0.003 -26"><span class='ocrx_word' id='word_1_309' title='bbox 73 2517 194 2590; x_wconf 88' lang='lat' dir='ltr'>uthes.</span> <span class='ocrx_word' id='word_1_310' title='bbox 248 2517 410 2588; x_wconf 84' lang='lat' dir='ltr'>Tandem</span> <span class='ocrx_word' id='word_1_311' title='bbox 430 2521 535 2590; x_wconf 89' lang='lat' dir='ltr'>etiam</span> <span class='ocrx_word' id='word_1_312' title='bbox 556 2522 708 2612; x_wconf 87' lang='lat' dir='ltr'>proferri</span> <span class='ocrx_word' id='word_1_313' title='bbox 732 2521 831 2593; x_wconf 91' lang='lat' dir='ltr'>iubet</span> <span class='ocrx_word' id='word_1_314' title='bbox 856 2545 897 2590; x_wconf 84' lang='lat' dir='ltr'>ex</span> <span class='ocrx_word' id='word_1_315' title='bbox 919 2519 1067 2590; x_wconf 89' lang='lat' dir='ltr'>sarcinis</span> <span class='ocrx_word' id='word_1_316' title='bbox 1119 2507 1238 2586; x_wconf 82' lang='lat' dir='ltr'>tutis?</span> <span class='ocrx_word' id='word_1_317' title='bbox 1299 2514 1557 2588; x_wconf 88' lang='lat' dir='ltr'>Usitatiesimae</span> <span class='ocrx_word' id='word_1_318' title='bbox 1590 2533 1675 2592; x_wconf 89' lang='lat' dir='ltr'>sunt</span> <span class='ocrx_word' id='word_1_319' title='bbox 1705 2521 2006 2616; x_wconf 79' lang='grc' dir='ltr'><strong><em>παρανομασίαι,</em></strong></span> <span class='ocrx_word' id='word_1_320' title='bbox 2049 2542 2106 2600; x_wconf 87' lang='lat' dir='ltr'>ut:</span> 
     </span>
     <span class='ocr_line' id='line_1_25' title="bbox 72 2609 2107 2716; baseline -0.003 -23"><span class='ocrx_word' id='word_1_321' title='bbox 72 2621 313 2706; x_wconf 87' lang='lat' dir='ltr'>bombardae,</span> <span class='ocrx_word' id='word_1_322' title='bbox 338 2643 457 2707; x_wconf 90' lang='lat' dir='ltr'>arcus,</span> <span class='ocrx_word' id='word_1_323' title='bbox 476 2622 634 2711; x_wconf 78' lang='lat' dir='ltr'>gladios,</span> <span class='ocrx_word' id='word_1_324' title='bbox 656 2637 690 2694; x_wconf 91' lang='lat' dir='ltr'>et</span> <span class='ocrx_word' id='word_1_325' title='bbox 708 2623 859 2714; x_wconf 89' lang='lat' dir='ltr'>singulis</span> <span class='ocrx_word' id='word_1_326' title='bbox 876 2623 937 2694; x_wconf 89' lang='lat' dir='ltr'>dat</span> <span class='ocrx_word' id='word_1_327' title='bbox 951 2621 1067 2692; x_wconf 82' lang='lat' dir='ltr'>xenia.</span> <span class='ocrx_word' id='word_1_328' title='bbox 1117 2609 1268 2711; x_wconf 81' lang='grc' dir='ltr'><strong><em>τᾶμιαι,</em></strong></span> <span class='ocrx_word' id='word_1_329' title='bbox 1296 2609 1450 2712; x_wconf 70' lang='grc' dir='ltr'><em>λάμιαν,</em></span> <span class='ocrx_word' id='word_1_330' title='bbox 1466 2613 1647 2692; x_wconf 83' lang='lat' dir='ltr'>Biberius</span> <span class='ocrx_word' id='word_1_331' title='bbox 1670 2646 1734 2716; x_wconf 93' lang='lat' dir='ltr'>pro</span> <span class='ocrx_word' id='word_1_332' title='bbox 1757 2619 1923 2702; x_wconf 84' lang='lat' dir='ltr'>Tiberio.</span> <span class='ocrx_word' id='word_1_333' title='bbox 1971 2625 2107 2702; x_wconf 88' lang='lat' dir='ltr'>Demo.</span> 
     </span>
     <span class='ocr_line' id='line_1_26' title="bbox 9 2713 2109 2818; baseline 0.004 -24"><span class='ocrx_word' id='word_1_334' title='bbox 9 2753 10 2758; x_wconf 44' lang='lat'>¹</span> <span class='ocrx_word' id='word_1_335' title='bbox 72 2719 330 2810; x_wconf 89' lang='lat' dir='ltr'>llli,delectati</span> <span class='ocrx_word' id='word_1_336' title='bbox 345 2723 421 2792; x_wconf 87' lang='lat' dir='ltr'>eius</span> <span class='ocrx_word' id='word_1_337' title='bbox 436 2725 618 2810; x_wconf 89' lang='lat' dir='ltr'>oratione,</span> <span class='ocrx_word' id='word_1_338' title='bbox 637 2724 792 2796; x_wconf 89' lang='lat' dir='ltr'>vicissim</span> <span class='ocrx_word' id='word_1_339' title='bbox 806 2725 917 2796; x_wconf 90' lang='lat' dir='ltr'>multa</span> <span class='ocrx_word' id='word_1_340' title='bbox 934 2725 978 2794; x_wconf 93' lang='lat' dir='ltr'>de</span> <span class='ocrx_word' id='word_1_341' title='bbox 994 2723 1068 2798; x_wconf 88' lang='lat' dir='ltr'>suis</span> <span class='ocrx_word' id='word_1_342' title='bbox 1119 2713 1376 2792; x_wconf 88' lang='lat' dir='ltr'>stehenescnm</span> <span class='ocrx_word' id='word_1_343' title='bbox 1393 2723 1653 2796; x_wconf 88' lang='lat' dir='ltr'>decretoribus</span> <span class='ocrx_word' id='word_1_344' title='bbox 1675 2726 1849 2798; x_wconf 89' lang='lat' dir='ltr'>dedendis</span> <span class='ocrx_word' id='word_1_345' title='bbox 1869 2731 2020 2802; x_wconf 89' lang='lat' dir='ltr'>relatum</span> <span class='ocrx_word' id='word_1_346' title='bbox 2045 2747 2109 2818; x_wconf 83' lang='lat' dir='ltr'>est,</span> 
     </span>
     <span class='ocr_line' id='line_1_27' title="bbox 71 2821 2108 2922; baseline 0.005 -26"><span class='ocrx_word' id='word_1_347' title='bbox 71 2825 237 2920; x_wconf 87' lang='lat' dir='ltr'>imperiis</span> <span class='ocrx_word' id='word_1_348' title='bbox 269 2838 305 2896; x_wconf 90' lang='lat' dir='ltr'>et</span> <span class='ocrx_word' id='word_1_349' title='bbox 328 2824 506 2895; x_wconf 89' lang='lat' dir='ltr'>hellurum</span> <span class='ocrx_word' id='word_1_350' title='bbox 542 2828 798 2896; x_wconf 89' lang='lat' dir='ltr'>consuetudine</span> <span class='ocrx_word' id='word_1_351' title='bbox 832 2839 1002 2911; x_wconf 89' lang='lat' dir='ltr'>narrant,</span> <span class='ocrx_word' id='word_1_352' title='bbox 1034 2839 1069 2896; x_wconf 91' lang='lat' dir='ltr'>et</span> <span class='ocrx_word' id='word_1_353' title='bbox 1120 2821 1278 2894; x_wconf 87' lang='lat' dir='ltr'>narravit</span> <span class='ocrx_word' id='word_1_354' title='bbox 1291 2823 1555 2916; x_wconf 88' lang='lat' dir='ltr'>apologum,in</span> <span class='ocrx_word' id='word_1_355' title='bbox 1572 2849 1643 2920; x_wconf 90' lang='lat' dir='ltr'>quo</span> <span class='ocrx_word' id='word_1_356' title='bbox 1660 2826 1736 2920; x_wconf 92' lang='lat' dir='ltr'>lupi</span> <span class='ocrx_word' id='word_1_357' title='bbox 1751 2843 1878 2922; x_wconf 88' lang='lat' dir='ltr'>petunt</span> <span class='ocrx_word' id='word_1_358' title='bbox 1893 2833 1977 2902; x_wconf 89' lang='lat' dir='ltr'>dedi</span> <span class='ocrx_word' id='word_1_359' title='bbox 1993 2857 2108 2906; x_wconf 82' lang='lat' dir='ltr'>canes.</span> 
     </span>
     <span class='ocr_line' id='line_1_28' title="bbox 70 2918 2108 3022; baseline 0.002 -23"><span class='ocrx_word' id='word_1_360' title='bbox 70 2928 158 3000; x_wconf 90' lang='lat' dir='ltr'>laeti</span> <span class='ocrx_word' id='word_1_361' title='bbox 172 2927 277 2996; x_wconf 86' lang='lat' dir='ltr'>xenia</span> <span class='ocrx_word' id='word_1_362' title='bbox 293 2925 492 3018; x_wconf 90' lang='lat' dir='ltr'>accipiunt,</span> <span class='ocrx_word' id='word_1_363' title='bbox 516 2951 669 3022; x_wconf 89' lang='lat' dir='ltr'>eumque</span> <span class='ocrx_word' id='word_1_364' title='bbox 682 2942 763 3020; x_wconf 87' lang='lat' dir='ltr'>post</span> <span class='ocrx_word' id='word_1_365' title='bbox 778 2928 983 2998; x_wconf 89' lang='lat' dir='ltr'>convivium</span> <span class='ocrx_word' id='word_1_366' title='bbox 1000 2927 1066 2998; x_wconf 88' lang='lat' dir='ltr'>ali·</span> <span class='ocrx_word' id='word_1_367' title='bbox 1119 2918 1168 2996; x_wconf 85' lang='lat' dir='ltr'>Et</span> <span class='ocrx_word' id='word_1_368' title='bbox 1188 2937 1272 2994; x_wconf 91' lang='lat' dir='ltr'>nota</span> <span class='ocrx_word' id='word_1_369' title='bbox 1293 2938 1346 2996; x_wconf 91' lang='lat' dir='ltr'>est</span> <span class='ocrx_word' id='word_1_370' title='bbox 1367 2919 1539 2998; x_wconf 81' lang='lat' dir='ltr'>Menenir&#39;</span> <span class='ocrx_word' id='word_1_371' title='bbox 1560 2929 1672 2998; x_wconf 90' lang='lat' dir='ltr'>oratio</span> <span class='ocrx_word' id='word_1_372' title='bbox 1696 2931 1739 3000; x_wconf 91' lang='lat' dir='ltr'>de</span> <span class='ocrx_word' id='word_1_373' title='bbox 1763 2933 1934 3004; x_wconf 89' lang='lat' dir='ltr'>memhris</span> <span class='ocrx_word' id='word_1_374' title='bbox 1951 2929 2108 3019; x_wconf 68' lang='lat' dir='ltr'>¹hnmani</span> 
     </span>
     <span class='ocr_line' id='line_1_29' title="bbox 71 3021 2109 3123; baseline 0.005 -24"><span class='ocrx_word' id='word_1_375' title='bbox 71 3054 146 3123; x_wconf 85' lang='lat' dir='ltr'>quo</span> <span class='ocrx_word' id='word_1_376' title='bbox 170 3052 286 3122; x_wconf 88' lang='lat' dir='ltr'>usque</span> <span class='ocrx_word' id='word_1_377' title='bbox 308 3042 467 3100; x_wconf 88' lang='lat' dir='ltr'>amanter</span> <span class='ocrx_word' id='word_1_378' title='bbox 491 3028 718 3100; x_wconf 86' lang='lat' dir='ltr'>comitantur.</span> <span class='ocrx_word' id='word_1_379' title='bbox 768 3024 873 3122; x_wconf 77' lang='lat' dir='ltr'>sic-⁰)</span> <span class='ocrx_word' id='word_1_380' title='bbox 896 3027 1069 3102; x_wconf 88' lang='lat' dir='ltr'>Sanseve-</span> <span class='ocrx_word' id='word_1_381' title='bbox 1119 3021 1288 3115; x_wconf 90' lang='lat' dir='ltr'>corporis.</span> <span class='ocrx_word' id='word_1_382' title='bbox 1340 3025 1433 3098; x_wconf 88' lang='lat' dir='ltr'>Sunt</span> <span class='ocrx_word' id='word_1_383' title='bbox 1449 3042 1482 3096; x_wconf 92' lang='lat' dir='ltr'>et</span> <span class='ocrx_word' id='word_1_384' title='bbox 1498 3029 1705 3118; x_wconf 89' lang='lat' dir='ltr'>allegoricae</span> <span class='ocrx_word' id='word_1_385' title='bbox 1726 3035 1951 3106; x_wconf 87' lang='lat' dir='ltr'>narrationes</span> <span class='ocrx_word' id='word_1_386' title='bbox 1975 3039 2017 3106; x_wconf 91' lang='lat' dir='ltr'>ad</span> <span class='ocrx_word' id='word_1_387' title='bbox 2035 3038 2109 3110; x_wconf 88' lang='lat' dir='ltr'>Da-</span> 
     </span>
     <span class='ocr_line' id='line_1_30' title="bbox 71 3125 2110 3224; baseline 0.003 -23"><span class='ocrx_word' id='word_1_388' title='bbox 71 3131 229 3202; x_wconf 77' lang='lat' dir='ltr'>ri&#39;natem</span> <span class='ocrx_word' id='word_1_389' title='bbox 262 3129 410 3200; x_wconf 91' lang='lat' dir='ltr'>comitas</span> <span class='ocrx_word' id='word_1_390' title='bbox 441 3131 527 3202; x_wconf 82' lang='lat' dir='ltr'>texit</span> <span class='ocrx_word' id='word_1_391' title='bbox 553 3131 591 3200; x_wconf 89' lang='lat' dir='ltr'>in</span> <span class='ocrx_word' id='word_1_392' title='bbox 616 3155 746 3224; x_wconf 89' lang='lat' dir='ltr'>magno</span> <span class='ocrx_word' id='word_1_393' title='bbox 775 3131 946 3224; x_wconf 87' lang='lat' dir='ltr'>periculo.</span> <span class='ocrx_word' id='word_1_394' title='bbox 997 3131 1066 3204; x_wconf 88' lang='lat' dir='ltr'>Sed</span> <span class='ocrx_word' id='word_1_395' title='bbox 1119 3129 1237 3196; x_wconf 87' lang='lat' dir='ltr'>videm</span> <span class='ocrx_word' id='word_1_396' title='bbox 1261 3127 1370 3198; x_wconf 88' lang='lat' dir='ltr'>altera</span> <span class='ocrx_word' id='word_1_397' title='bbox 1401 3125 1594 3222; x_wconf 92' lang='lat' dir='ltr'>prophetae</span> <span class='ocrx_word' id='word_1_398' title='bbox 1612 3127 1776 3219; x_wconf 88' lang='lat' dir='ltr'>Nathan,</span> <span class='ocrx_word' id='word_1_399' title='bbox 1807 3137 1916 3208; x_wconf 89' lang='lat' dir='ltr'>altera</span> <span class='ocrx_word' id='word_1_400' title='bbox 1949 3139 2110 3210; x_wconf 89' lang='lat' dir='ltr'>mulieris</span> 
     </span>
     <span class='ocr_line' id='line_1_31' title="bbox 71 3223 2110 3336; baseline 0.006 -37"><span class='ocrx_word' id='word_1_401' title='bbox 71 3233 162 3304; x_wconf 87' lang='lat' dir='ltr'>audi</span> <span class='ocrx_word' id='word_1_402' title='bbox 180 3231 356 3324; x_wconf 89' lang='lat' dir='ltr'>reliquam</span> <span class='ocrx_word' id='word_1_403' title='bbox 378 3226 583 3316; x_wconf 89' lang='lat' dir='ltr'>historiam,</span> <span class='ocrx_word' id='word_1_404' title='bbox 619 3248 660 3304; x_wconf 90' lang='lat' dir='ltr'>ut</span> <span class='ocrx_word' id='word_1_405' title='bbox 691 3235 831 3320; x_wconf 90' lang='lat' dir='ltr'>videas,</span> <span class='ocrx_word' id='word_1_406' title='bbox 864 3246 996 3328; x_wconf 88' lang='lat' dir='ltr'>quauta</span> <span class='ocrx_word' id='word_1_407' title='bbox 1023 3234 1069 3304; x_wconf 90' lang='lat' dir='ltr'>sit</span> <span class='ocrx_word' id='word_1_408' title='bbox 1120 3223 1366 3300; x_wconf 84' lang='lat' dir='ltr'>deAhsalone.</span> <span class='ocrx_word' id='word_1_409' title='bbox 1405 3227 1626 3319; x_wconf 78' lang='lat' dir='ltr'>Alexander,</span> <span class='ocrx_word' id='word_1_410' title='bbox 1645 3259 1725 3305; x_wconf 91' lang='lat' dir='ltr'>curn</span> <span class='ocrx_word' id='word_1_411' title='bbox 1743 3233 2110 3336; x_wconf 89' lang='lat' dir='ltr'>eidiceretur,quos-</span> 
     </span>
     <span class='ocr_line' id='line_1_32' title="bbox 71 3329 2110 3438; baseline 0.004 -33"><span class='ocrx_word' id='word_1_412' title='bbox 71 3333 268 3406; x_wconf 89' lang='lat' dir='ltr'>admiratio</span> <span class='ocrx_word' id='word_1_413' title='bbox 288 3332 431 3404; x_wconf 90' lang='lat' dir='ltr'>virtutis</span> <span class='ocrx_word' id='word_1_414' title='bbox 455 3334 560 3404; x_wconf 88' lang='lat' dir='ltr'>etiarn</span> <span class='ocrx_word' id='word_1_415' title='bbox 591 3334 629 3404; x_wconf 90' lang='lat' dir='ltr'>in</span> <span class='ocrx_word' id='word_1_416' title='bbox 658 3331 865 3408; x_wconf 89' lang='lat' dir='ltr'>hominibus</span> <span class='ocrx_word' id='word_1_417' title='bbox 898 3335 1070 3406; x_wconf 85' lang='lat' dir='ltr'>barbaris.</span> <span class='ocrx_word' id='word_1_418' title='bbox 1122 3331 1203 3400; x_wconf 93' lang='lat' dir='ltr'>dam</span> <span class='ocrx_word' id='word_1_419' title='bbox 1220 3329 1311 3401; x_wconf 89' lang='lat' dir='ltr'>male</span> <span class='ocrx_word' id='word_1_420' title='bbox 1327 3333 1372 3402; x_wconf 89' lang='lat' dir='ltr'>de</span> <span class='ocrx_word' id='word_1_421' title='bbox 1388 3357 1429 3404; x_wconf 91' lang='lat' dir='ltr'>eo</span> <span class='ocrx_word' id='word_1_422' title='bbox 1446 3331 1565 3428; x_wconf 89' lang='lat' dir='ltr'>loqui,</span> <span class='ocrx_word' id='word_1_423' title='bbox 1591 3333 1706 3408; x_wconf 87' lang='lat' dir='ltr'>reiicit</span> <span class='ocrx_word' id='word_1_424' title='bbox 1726 3342 1982 3414; x_wconf 90' lang='lat' dir='ltr'>accusationem</span> <span class='ocrx_word' id='word_1_425' title='bbox 1998 3369 2110 3438; x_wconf 90' lang='lat' dir='ltr'>oppo-</span> 
     </span>
     <span class='ocr_line' id='line_1_33' title="bbox 74 3433 2110 3534; baseline 0.003 -28"><span class='ocrx_word' id='word_1_426' title='bbox 74 3435 222 3506; x_wconf 87' lang='lat' dir='ltr'>Triduo</span> <span class='ocrx_word' id='word_1_427' title='bbox 243 3447 324 3525; x_wconf 91' lang='lat' dir='ltr'>post</span> <span class='ocrx_word' id='word_1_428' title='bbox 344 3436 385 3504; x_wconf 89' lang='lat' dir='ltr'>in</span> <span class='ocrx_word' id='word_1_429' title='bbox 404 3435 598 3506; x_wconf 89' lang='lat' dir='ltr'>solitudine</span> <span class='ocrx_word' id='word_1_430' title='bbox 620 3439 771 3508; x_wconf 89' lang='lat' dir='ltr'>redeunt</span> <span class='ocrx_word' id='word_1_431' title='bbox 801 3436 910 3506; x_wconf 91' lang='lat' dir='ltr'>iidem</span> <span class='ocrx_word' id='word_1_432' title='bbox 932 3433 1068 3508; x_wconf 87' lang='lat' dir='ltr'>Arabes</span> <span class='ocrx_word' id='word_1_433' title='bbox 1120 3433 1186 3502; x_wconf 72' lang='lat' dir='ltr'>sita</span> <span class='ocrx_word' id='word_1_434' title='bbox 1211 3455 1337 3524; x_wconf 73' lang='lat' dir='ltr'>gnome</span> <span class='ocrx_word' id='word_1_435' title='bbox 1359 3435 1511 3504; x_wconf 81' lang='lat' dir='ltr'>maxime</span> <span class='ocrx_word' id='word_1_436' title='bbox 1533 3439 1766 3510; x_wconf 86' lang='lat' dir='ltr'>conveniente</span> <span class='ocrx_word' id='word_1_437' title='bbox 1814 3441 2025 3534; x_wconf 89' lang='lat' dir='ltr'>rincipihus:</span> <span class='ocrx_word' id='word_1_438' title='bbox 2055 3466 2110 3516; x_wconf 84' lang='lat' dir='ltr'>re-</span> 
     </span>
     <span class='ocr_line' id='line_1_34' title="bbox 73 3467 2111 3638; baseline 0.005 -30"><span class='ocrx_word' id='word_1_439' title='bbox 73 3561 160 3608; x_wconf 88' lang='lat' dir='ltr'>cum</span> <span class='ocrx_word' id='word_1_440' title='bbox 183 3537 318 3606; x_wconf 88' lang='lat' dir='ltr'>maiore</span> <span class='ocrx_word' id='word_1_441' title='bbox 341 3537 528 3623; x_wconf 86' lang='lat' dir='ltr'>comitatu,</span> <span class='ocrx_word' id='word_1_442' title='bbox 553 3551 589 3608; x_wconf 89' lang='lat' dir='ltr'>et</span> <span class='ocrx_word' id='word_1_443' title='bbox 601 3541 638 3608; x_wconf 90' lang='lat' dir='ltr'>vi</span> <span class='ocrx_word' id='word_1_444' title='bbox 653 3539 799 3628; x_wconf 91' lang='lat' dir='ltr'>capiunt</span> <span class='ocrx_word' id='word_1_445' title='bbox 817 3539 1068 3610; x_wconf 88' lang='lat' dir='ltr'>Sanseverina-</span> <span class='ocrx_word' id='word_1_446' title='bbox 1118 3532 1223 3628; x_wconf 80' lang='lat' dir='ltr'>giem</span> <span class='ocrx_word' id='word_1_447' title='bbox 1239 3543 1290 3602; x_wconf 81' lang='lat' dir='ltr'>cst</span> <span class='ocrx_word' id='word_1_448' title='bbox 1305 3531 1584 3636; x_wconf 80' lang='lat' dir='ltr'>benefacientem</span> <span class='ocrx_word' id='word_1_449' title='bbox 1600 3535 1700 3608; x_wconf 87' lang='lat' dir='ltr'>male</span> <span class='ocrx_word' id='word_1_450' title='bbox 1717 3467 1858 3617; x_wconf 71' lang='lat' dir='ltr'>andire.</span> <span class='ocrx_word' id='word_1_451' title='bbox 1891 3537 2006 3636; x_wconf 79' lang='lat' dir='ltr'>¹Regia</span> <span class='ocrx_word' id='word_1_452' title='bbox 2022 3570 2111 3638; x_wconf 90' lang='lat' dir='ltr'>gno-</span> 
     </span>
     <span class='ocr_line' id='line_1_35' title="bbox 73 3629 2110 3731; baseline 0.005 -21"><span class='ocrx_word' id='word_1_453' title='bbox 73 3655 150 3710; x_wconf 89' lang='lat' dir='ltr'>tem</span> <span class='ocrx_word' id='word_1_454' title='bbox 172 3662 254 3708; x_wconf 90' lang='lat' dir='ltr'>curn</span> <span class='ocrx_word' id='word_1_455' title='bbox 275 3649 351 3707; x_wconf 93' lang='lat' dir='ltr'>toto</span> <span class='ocrx_word' id='word_1_456' title='bbox 371 3661 436 3709; x_wconf 86' lang='lat' dir='ltr'>sno</span> <span class='ocrx_word' id='word_1_457' title='bbox 461 3639 612 3729; x_wconf 80' lang='lat' dir='ltr'>agmine.</span> <span class='ocrx_word' id='word_1_458' title='bbox 662 3638 732 3710; x_wconf 87' lang='lat' dir='ltr'>Hic</span> <span class='ocrx_word' id='word_1_459' title='bbox 754 3665 835 3710; x_wconf 92' lang='lat' dir='ltr'>cum</span> <span class='ocrx_word' id='word_1_460' title='bbox 853 3641 946 3710; x_wconf 90' lang='lat' dir='ltr'>vitae</span> <span class='ocrx_word' id='word_1_461' title='bbox 971 3629 1068 3731; x_wconf 79' lang='lat' dir='ltr'>spem</span> <span class='ocrx_word' id='word_1_462' title='bbox 1122 3660 1179 3704; x_wconf 91' lang='lat' dir='ltr'>me</span> <span class='ocrx_word' id='word_1_463' title='bbox 1204 3644 1239 3706; x_wconf 90' lang='lat' dir='ltr'>et</span> <span class='ocrx_word' id='word_1_464' title='bbox 1261 3631 1348 3706; x_wconf 90' lang='lat' dir='ltr'>haec</span> <span class='ocrx_word' id='word_1_465' title='bbox 1367 3639 1455 3724; x_wconf 87' lang='lat' dir='ltr'>suit,</span> <span class='ocrx_word' id='word_1_466' title='bbox 1481 3663 1561 3708; x_wconf 92' lang='lat' dir='ltr'>cnm</span> <span class='ocrx_word' id='word_1_467' title='bbox 1588 3639 1659 3726; x_wconf 88' lang='lat' dir='ltr'>ait,</span> <span class='ocrx_word' id='word_1_468' title='bbox 1683 3665 1720 3712; x_wconf 92' lang='lat' dir='ltr'>se</span> <span class='ocrx_word' id='word_1_469' title='bbox 1737 3643 1883 3714; x_wconf 90' lang='lat' dir='ltr'>alteram</span> <span class='ocrx_word' id='word_1_470' title='bbox 1903 3671 2027 3727; x_wconf 88' lang='lat' dir='ltr'>aurem</span> <span class='ocrx_word' id='word_1_471' title='bbox 2049 3639 2110 3720; x_wconf 86' lang='lat' dir='ltr'>reo</span> 
     </span>
     <span class='ocr_line' id='line_1_36' title="bbox 72 3737 2110 3836; baseline 0.005 -25"><span class='ocrx_word' id='word_1_472' title='bbox 72 3763 222 3812; x_wconf 91' lang='lat' dir='ltr'>ornnem</span> <span class='ocrx_word' id='word_1_473' title='bbox 238 3738 467 3824; x_wconf 84' lang='lat' dir='ltr'>abiecissent,</span> <span class='ocrx_word' id='word_1_474' title='bbox 491 3741 674 3812; x_wconf 89' lang='lat' dir='ltr'>ducuntur</span> <span class='ocrx_word' id='word_1_475' title='bbox 696 3743 736 3810; x_wconf 91' lang='lat' dir='ltr'>in</span> <span class='ocrx_word' id='word_1_476' title='bbox 751 3765 868 3812; x_wconf 89' lang='lat' dir='ltr'>arcem</span> <span class='ocrx_word' id='word_1_477' title='bbox 880 3745 1071 3836; x_wconf 82' lang='lat' dir='ltr'>quandam,</span> <span class='ocrx_word' id='word_1_478' title='bbox 1121 3751 1341 3807; x_wconf 90' lang='lat' dir='ltr'>servaturum</span> <span class='ocrx_word' id='word_1_479' title='bbox 1365 3762 1451 3810; x_wconf 90' lang='lat' dir='ltr'>esse.</span> <span class='ocrx_word' id='word_1_480' title='bbox 1506 3737 1570 3809; x_wconf 91' lang='lat' dir='ltr'>Vis</span> <span class='ocrx_word' id='word_1_481' title='bbox 1591 3742 1725 3832; x_wconf 90' lang='lat' dir='ltr'>ingenii</span> <span class='ocrx_word' id='word_1_482' title='bbox 1745 3759 1796 3815; x_wconf 89' lang='lat' dir='ltr'>est</span> <span class='ocrx_word' id='word_1_483' title='bbox 1817 3738 2007 3834; x_wconf 86' lang='lat' dir='ltr'>excellens,</span> <span class='ocrx_word' id='word_1_484' title='bbox 2027 3753 2110 3820; x_wconf 90' lang='lat' dir='ltr'>talia</span> 
     </span>
     <span class='ocr_line' id='line_1_37' title="bbox 73 3837 2217 3942; baseline 0.004 -28"><span class='ocrx_word' id='word_1_485' title='bbox 73 3843 142 3914; x_wconf 89' lang='lat' dir='ltr'>ubi</span> <span class='ocrx_word' id='word_1_486' title='bbox 166 3837 362 3912; x_wconf 87' lang='lat' dir='ltr'>honorifice</span> <span class='ocrx_word' id='word_1_487' title='bbox 387 3843 630 3934; x_wconf 86' lang='lat' dir='ltr'>excipiuntur,</span> <span class='ocrx_word' id='word_1_488' title='bbox 657 3857 692 3914; x_wconf 89' lang='lat' dir='ltr'>et</span> <span class='ocrx_word' id='word_1_489' title='bbox 725 3843 854 3914; x_wconf 90' lang='lat' dir='ltr'>retenti</span> <span class='ocrx_word' id='word_1_490' title='bbox 887 3844 1008 3914; x_wconf 89' lang='lat' dir='ltr'>triduo</span> <span class='ocrx_word' id='word_1_491' title='bbox 1031 3867 1072 3913; x_wconf 91' lang='lat' dir='ltr'>ac</span> <span class='ocrx_word' id='word_1_492' title='bbox 1121 3839 1214 3910; x_wconf 92' lang='lat' dir='ltr'>dicta</span> <span class='ocrx_word' id='word_1_493' title='bbox 1233 3839 1289 3908; x_wconf 88' lang='lat' dir='ltr'>vel</span> <span class='ocrx_word' id='word_1_494' title='bbox 1306 3839 1344 3908; x_wconf 93' lang='lat' dir='ltr'>in</span> <span class='ocrx_word' id='word_1_495' title='bbox 1361 3839 1518 3912; x_wconf 90' lang='lat' dir='ltr'>consiliis</span> <span class='ocrx_word' id='word_1_496' title='bbox 1534 3843 1592 3912; x_wconf 88' lang='lat' dir='ltr'>vel</span> <span class='ocrx_word' id='word_1_497' title='bbox 1608 3841 1646 3914; x_wconf 92' lang='lat' dir='ltr'>in</span> <span class='ocrx_word' id='word_1_498' title='bbox 1661 3847 1952 3938; x_wconf 89' lang='lat' dir='ltr'>responsionibus</span> <span class='ocrx_word' id='word_1_499' title='bbox 1967 3851 2110 3942; x_wconf 82' lang='lat' dir='ltr'>gignere</span> <span class='ocrx_word' id='word_1_500' title='bbox 2211 3903 2217 3908; x_wconf 92' lang='lat'>-</span> 
     </span>
     <span class='ocr_line' id='line_1_38' title="bbox 77 3937 2111 4042; baseline 0.005 -27"><span class='ocrx_word' id='word_1_501' title='bbox 77 3943 209 4015; x_wconf 89' lang='lat' dir='ltr'>donati</span> <span class='ocrx_word' id='word_1_502' title='bbox 231 3943 356 4012; x_wconf 89' lang='lat' dir='ltr'>massis</span> <span class='ocrx_word' id='word_1_503' title='bbox 378 3944 454 4015; x_wconf 88' lang='lat' dir='ltr'>auri</span> <span class='ocrx_word' id='word_1_504' title='bbox 475 3944 606 4030; x_wconf 89' lang='lat' dir='ltr'>nativi,</span> <span class='ocrx_word' id='word_1_505' title='bbox 633 3939 739 4014; x_wconf 90' lang='lat' dir='ltr'>thure</span> <span class='ocrx_word' id='word_1_506' title='bbox 761 3938 806 4016; x_wconf 89' lang='lat' dir='ltr'>et¹</span> <span class='ocrx_word' id='word_1_507' title='bbox 821 3939 986 4040; x_wconf 86' lang='lat' dir='ltr'>myrrha,</span> <span class='ocrx_word' id='word_1_508' title='bbox 1012 3971 1070 4016; x_wconf 89' lang='lat' dir='ltr'>re-</span> <span class='ocrx_word' id='word_1_509' title='bbox 1123 3955 1158 4013; x_wconf 90' lang='lat' dir='ltr'>et</span> <span class='ocrx_word' id='word_1_510' title='bbox 1185 3939 1361 4030; x_wconf 87' lang='lat' dir='ltr'>ingeniosi</span> <span class='ocrx_word' id='word_1_511' title='bbox 1387 3943 1515 4030; x_wconf 90' lang='lat' dir='ltr'>literis,</span> <span class='ocrx_word' id='word_1_512' title='bbox 1546 3937 1725 4032; x_wconf 86' lang='lat' dir='ltr'>histpriis,</span> <span class='ocrx_word' id='word_1_513' title='bbox 1753 3949 1921 4042; x_wconf 86' lang='lat' dir='ltr'>exemplis</span> <span class='ocrx_word' id='word_1_514' title='bbox 1950 3954 2111 4026; x_wconf 90' lang='lat' dir='ltr'>adiuvari</span> 
     </span>
     <span class='ocr_line' id='line_1_39' title="bbox 76 4039 2111 4138; baseline 0.004 -21"><span class='ocrx_word' id='word_1_515' title='bbox 76 4049 265 4118; x_wconf 89' lang='lat' dir='ltr'>ducuntur</span> <span class='ocrx_word' id='word_1_516' title='bbox 281 4043 443 4114; x_wconf 80' lang='lat' dir='ltr'>inviam.</span> <span class='ocrx_word' id='word_1_517' title='bbox 498 4044 672 4136; x_wconf 90' lang='lat' dir='ltr'>Magnum</span> <span class='ocrx_word' id='word_1_518' title='bbox 691 4046 922 4136; x_wconf 86' lang='lat' dir='ltr'>igitnrdecus</span> <span class='ocrx_word' id='word_1_519' title='bbox 945 4059 1072 4118; x_wconf 87' lang='lat' dir='ltr'>estco-</span> <span class='ocrx_word' id='word_1_520' title='bbox 1123 4057 1281 4136; x_wconf 89' lang='lat' dir='ltr'>possunt.</span> <span class='ocrx_word' id='word_1_521' title='bbox 1303 4057 1308 4070; x_wconf 85' lang='grc'><em>“</em></span> <span class='ocrx_word' id='word_1_522' title='bbox 1332 4039 1380 4115; x_wconf 81' lang='lat' dir='ltr'>Et</span> <span class='ocrx_word' id='word_1_523' title='bbox 1396 4069 1499 4138; x_wconf 89' lang='lat' dir='ltr'>saepe</span> <span class='ocrx_word' id='word_1_524' title='bbox 1512 4063 1664 4138; x_wconf 91' lang='lat' dir='ltr'>prosunt</span> <span class='ocrx_word' id='word_1_525' title='bbox 1684 4051 1726 4119; x_wconf 91' lang='lat' dir='ltr'>ad</span> <span class='ocrx_word' id='word_1_526' title='bbox 1751 4051 1936 4122; x_wconf 89' lang='lat' dir='ltr'>leniendos</span> <span class='ocrx_word' id='word_1_527' title='bbox 1958 4051 2111 4128; x_wconf 90' lang='lat' dir='ltr'>aliorum</span> 
     </span>
     <span class='ocr_line' id='line_1_40' title="bbox 74 4142 2111 4242; baseline 0.005 -24"><span class='ocrx_word' id='word_1_528' title='bbox 74 4149 205 4232; x_wconf 86' lang='lat' dir='ltr'>mites,</span> <span class='ocrx_word' id='word_1_529' title='bbox 255 4147 316 4216; x_wconf 88' lang='lat' dir='ltr'>sed</span> <span class='ocrx_word' id='word_1_530' title='bbox 349 4170 463 4240; x_wconf 91' lang='lat' dir='ltr'>neque</span> <span class='ocrx_word' id='word_1_531' title='bbox 498 4142 685 4218; x_wconf 90' lang='lat' dir='ltr'>hominum</span> <span class='ocrx_word' id='word_1_532' title='bbox 727 4147 918 4234; x_wconf 77' lang='lat' dir='ltr'>omnium,</span> <span class='ocrx_word' id='word_1_533' title='bbox 956 4171 1072 4242; x_wconf 87' lang='lat' dir='ltr'>neque</span> <span class='ocrx_word' id='word_1_534' title='bbox 1122 4145 1283 4230; x_wconf 89' lang='lat' dir='ltr'>dolores,</span> <span class='ocrx_word' id='word_1_535' title='bbox 1308 4149 1433 4217; x_wconf 91' lang='lat' dir='ltr'>autad</span> <span class='ocrx_word' id='word_1_536' title='bbox 1460 4147 1650 4240; x_wconf 89' lang='lat' dir='ltr'>placandos</span> <span class='ocrx_word' id='word_1_537' title='bbox 1676 4147 1713 4219; x_wconf 88' lang='lat' dir='ltr'>in</span> <span class='ocrx_word' id='word_1_538' title='bbox 1736 4153 1799 4220; x_wconf 88' lang='lat' dir='ltr'>ira.</span> <span class='ocrx_word' id='word_1_539' title='bbox 1850 4151 1941 4224; x_wconf 90' lang='lat' dir='ltr'>Cum</span> <span class='ocrx_word' id='word_1_540' title='bbox 1955 4155 2111 4228; x_wconf 84' lang='lat' dir='ltr'>Alexan-</span> 
     </span>
     <span class='ocr_line' id='line_1_41' title="bbox 75 4240 2113 4344; baseline 0.01 -34"><span class='ocrx_word' id='word_1_541' title='bbox 75 4249 244 4320; x_wconf 83' lang='lat' dir='ltr'>0mnium</span> <span class='ocrx_word' id='word_1_542' title='bbox 258 4261 462 4340; x_wconf 84' lang='lat' dir='ltr'>temporum</span> <span class='ocrx_word' id='word_1_543' title='bbox 478 4263 540 4319; x_wconf 84' lang='lat' dir='ltr'>est.</span> <span class='ocrx_word' id='word_1_544' title='bbox 592 4245 640 4320; x_wconf 87' lang='lat' dir='ltr'>Et</span> <span class='ocrx_word' id='word_1_545' title='bbox 665 4271 869 4344; x_wconf 85' lang='lat' dir='ltr'>quanquam</span> <span class='ocrx_word' id='word_1_546' title='bbox 891 4250 930 4320; x_wconf 89' lang='lat' dir='ltr'>in</span> <span class='ocrx_word' id='word_1_547' title='bbox 948 4251 1072 4322; x_wconf 84' lang='lat' dir='ltr'>docto·</span> <span class='ocrx_word' id='word_1_548' title='bbox 1123 4249 1188 4316; x_wconf 90' lang='lat' dir='ltr'>der</span> <span class='ocrx_word' id='word_1_549' title='bbox 1210 4240 1443 4340; x_wconf 89' lang='lat' dir='ltr'>Lampsacum</span> <span class='ocrx_word' id='word_1_550' title='bbox 1467 4250 1646 4322; x_wconf 90' lang='lat' dir='ltr'>deleturus</span> <span class='ocrx_word' id='word_1_551' title='bbox 1671 4253 1808 4340; x_wconf 81' lang='lat' dir='ltr'>videret</span> <span class='ocrx_word' id='word_1_552' title='bbox 1829 4257 1873 4322; x_wconf 86' lang='lat' dir='ltr'>ad</span> <span class='ocrx_word' id='word_1_553' title='bbox 1895 4279 1932 4324; x_wconf 92' lang='lat' dir='ltr'>se</span> <span class='ocrx_word' id='word_1_554' title='bbox 1949 4261 2113 4330; x_wconf 87' lang='lat' dir='ltr'>accedere</span> 
     </span>
     <span class='ocr_line' id='line_1_42' title="bbox 74 4345 2112 4447; baseline 0.005 -26"><span class='ocrx_word' id='word_1_555' title='bbox 74 4351 180 4422; x_wconf 82' lang='lat' dir='ltr'>ribus</span> <span class='ocrx_word' id='word_1_556' title='bbox 196 4363 233 4420; x_wconf 92' lang='lat' dir='ltr'>et</span> <span class='ocrx_word' id='word_1_557' title='bbox 246 4349 545 4440; x_wconf 87' lang='lat' dir='ltr'>gubernatoribus</span> <span class='ocrx_word' id='word_1_558' title='bbox 561 4353 715 4440; x_wconf 89' lang='lat' dir='ltr'>optanda</span> <span class='ocrx_word' id='word_1_559' title='bbox 730 4367 801 4436; x_wconf 90' lang='lat' dir='ltr'>est,</span> <span class='ocrx_word' id='word_1_560' title='bbox 827 4365 946 4422; x_wconf 89' lang='lat' dir='ltr'>tamen</span> <span class='ocrx_word' id='word_1_561' title='bbox 962 4347 1071 4424; x_wconf 89' lang='lat' dir='ltr'>homo</span> <span class='ocrx_word' id='word_1_562' title='bbox 1123 4345 1400 4433; x_wconf 78' lang='lat' dir='ltr'>Anaximenen,</span> <span class='ocrx_word' id='word_1_563' title='bbox 1424 4363 1465 4420; x_wconf 92' lang='lat' dir='ltr'>ut</span> <span class='ocrx_word' id='word_1_564' title='bbox 1490 4373 1555 4442; x_wconf 92' lang='lat' dir='ltr'>pro</span> <span class='ocrx_word' id='word_1_565' title='bbox 1579 4353 1692 4442; x_wconf 89' lang='lat' dir='ltr'>patria</span> <span class='ocrx_word' id='word_1_566' title='bbox 1718 4357 1983 4447; x_wconf 88' lang='lat' dir='ltr'>deprecaretur,</span> <span class='ocrx_word' id='word_1_567' title='bbox 2007 4361 2112 4442; x_wconf 88' lang='lat' dir='ltr'>iurat,</span> 
     </span>
     <span class='ocr_line' id='line_1_43' title="bbox 75 4449 2196 4548; baseline 0.005 -24"><span class='ocrx_word' id='word_1_568' title='bbox 75 4454 258 4546; x_wconf 88' lang='lat' dir='ltr'>privatus,</span> <span class='ocrx_word' id='word_1_569' title='bbox 273 4452 412 4522; x_wconf 87' lang='lat' dir='ltr'>etiarnsi</span> <span class='ocrx_word' id='word_1_570' title='bbox 428 4463 480 4520; x_wconf 91' lang='lat' dir='ltr'>est</span> <span class='ocrx_word' id='word_1_571' title='bbox 494 4452 631 4522; x_wconf 88' lang='lat' dir='ltr'>tristior</span> <span class='ocrx_word' id='word_1_572' title='bbox 647 4466 709 4524; x_wconf 86' lang='lat' dir='ltr'>aut</span> <span class='ocrx_word' id='word_1_573' title='bbox 722 4453 865 4538; x_wconf 89' lang='lat' dir='ltr'>durior,</span> <span class='ocrx_word' id='word_1_574' title='bbox 886 4477 961 4524; x_wconf 91' lang='lat' dir='ltr'>non</span> <span class='ocrx_word' id='word_1_575' title='bbox 977 4455 1072 4538; x_wconf 47' lang='lat' dir='ltr'>vitu.</span> <span class='ocrx_word' id='word_1_576' title='bbox 1123 4473 1160 4519; x_wconf 86' lang='lat' dir='ltr'>se</span> <span class='ocrx_word' id='word_1_577' title='bbox 1180 4473 1255 4519; x_wconf 92' lang='lat' dir='ltr'>non</span> <span class='ocrx_word' id='word_1_578' title='bbox 1278 4449 1472 4535; x_wconf 83' lang='lat' dir='ltr'>facturum,</span> <span class='ocrx_word' id='word_1_579' title='bbox 1497 4455 1593 4544; x_wconf 89' lang='lat' dir='ltr'>quud</span> <span class='ocrx_word' id='word_1_580' title='bbox 1618 4455 1794 4548; x_wconf 87' lang='lat' dir='ltr'>petiturus</span> <span class='ocrx_word' id='word_1_581' title='bbox 1816 4473 1904 4530; x_wconf 89' lang='lat' dir='ltr'>esset</span> <span class='ocrx_word' id='word_1_582' title='bbox 1920 4457 2113 4534; x_wconf 81' lang='lat' dir='ltr'>Anaxime-</span> <span class='ocrx_word' id='word_1_583' title='bbox 2187 4487 2196 4505; x_wconf 94' lang='lat'><strong>·</strong></span> 
     </span>
     <span class='ocr_line' id='line_1_44' title="bbox 75 4547 2111 4652; baseline 0.002 -28"><span class='ocrx_word' id='word_1_584' title='bbox 75 4569 237 4649; x_wconf 90' lang='lat' dir='ltr'>peratnr.</span> <span class='ocrx_word' id='word_1_585' title='bbox 288 4551 341 4624; x_wconf 84' lang='lat' dir='ltr'>Ac</span> <span class='ocrx_word' id='word_1_586' title='bbox 364 4577 411 4626; x_wconf 90' lang='lat' dir='ltr'>ne</span> <span class='ocrx_word' id='word_1_587' title='bbox 436 4566 551 4644; x_wconf 89' lang='lat' dir='ltr'>potest</span> <span class='ocrx_word' id='word_1_588' title='bbox 568 4553 712 4647; x_wconf 90' lang='lat' dir='ltr'>quidem</span> <span class='ocrx_word' id='word_1_589' title='bbox 740 4577 813 4624; x_wconf 88' lang='lat' dir='ltr'>esse</span> <span class='ocrx_word' id='word_1_590' title='bbox 837 4555 982 4626; x_wconf 87' lang='lat' dir='ltr'>comitas</span> <span class='ocrx_word' id='word_1_591' title='bbox 997 4556 1074 4626; x_wconf 88' lang='lat' dir='ltr'>sine</span> <span class='ocrx_word' id='word_1_592' title='bbox 1124 4573 1197 4620; x_wconf 90' lang='lat' dir='ltr'>nes.</span> <span class='ocrx_word' id='word_1_593' title='bbox 1239 4547 1309 4619; x_wconf 90' lang='lat' dir='ltr'>Hic</span> <span class='ocrx_word' id='word_1_594' title='bbox 1323 4553 1436 4641; x_wconf 90' lang='lat' dir='ltr'>pergit</span> <span class='ocrx_word' id='word_1_595' title='bbox 1453 4565 1486 4622; x_wconf 90' lang='lat' dir='ltr'>et</span> <span class='ocrx_word' id='word_1_596' title='bbox 1506 4555 1610 4644; x_wconf 86' lang='lat' dir='ltr'>petit,</span> <span class='ocrx_word' id='word_1_597' title='bbox 1636 4558 1746 4650; x_wconf 87' lang='lat' dir='ltr'>deleri</span> <span class='ocrx_word' id='word_1_598' title='bbox 1759 4559 2002 4652; x_wconf 87' lang='lat' dir='ltr'>Lampsacum.</span> <span class='ocrx_word' id='word_1_599' title='bbox 2038 4563 2111 4634; x_wconf 83' lang='lat' dir='ltr'>lam</span> 
     </span>
     <span class='ocr_line' id='line_1_45' title="bbox 77 4651 2113 4752; baseline 0.004 -24"><span class='ocrx_word' id='word_1_600' title='bbox 77 4655 276 4746; x_wconf 88' lang='lat' dir='ltr'>singularia</span> <span class='ocrx_word' id='word_1_601' title='bbox 299 4653 487 4746; x_wconf 88' lang='lat' dir='ltr'>prudentia</span> <span class='ocrx_word' id='word_1_602' title='bbox 511 4656 766 4747; x_wconf 86' lang='lat' dir='ltr'>prospiciente,</span> <span class='ocrx_word' id='word_1_603' title='bbox 792 4655 853 4748; x_wconf 88' lang='lat' dir='ltr'>qui</span> <span class='ocrx_word' id='word_1_604' title='bbox 884 4655 955 4726; x_wconf 92' lang='lat' dir='ltr'>sint</span> <span class='ocrx_word' id='word_1_605' title='bbox 975 4681 1073 4726; x_wconf 86' lang='lat' dir='ltr'>com·</span> <span class='ocrx_word' id='word_1_606' title='bbox 1125 4651 1296 4742; x_wconf 87' lang='lat' dir='ltr'>religione</span> <span class='ocrx_word' id='word_1_607' title='bbox 1319 4653 1509 4725; x_wconf 89' lang='lat' dir='ltr'>iuramenti</span> <span class='ocrx_word' id='word_1_608' title='bbox 1535 4654 1802 4748; x_wconf 85' lang='lat' dir='ltr'>impediebatur¹</span> <span class='ocrx_word' id='word_1_609' title='bbox 1817 4661 2036 4752; x_wconf 85' lang='lat' dir='ltr'>Alexander,</span> <span class='ocrx_word' id='word_1_610' title='bbox 2069 4693 2113 4737; x_wconf 89' lang='lat' dir='ltr'>ne</span> 
     </span>
     <span class='ocr_line' id='line_1_46' title="bbox 76 4753 2114 4862; baseline 0.004 -33"><span class='ocrx_word' id='word_1_611' title='bbox 76 4755 251 4852; x_wconf 83' lang='lat' dir='ltr'>pellendi,</span> <span class='ocrx_word' id='word_1_612' title='bbox 278 4779 348 4850; x_wconf 89' lang='lat' dir='ltr'>quo</span> <span class='ocrx_word' id='word_1_613' title='bbox 366 4779 492 4846; x_wconf 89' lang='lat' dir='ltr'>genere</span> <span class='ocrx_word' id='word_1_614' title='bbox 507 4757 681 4826; x_wconf 89' lang='lat' dir='ltr'>sermonis</span> <span class='ocrx_word' id='word_1_615' title='bbox 697 4770 730 4826; x_wconf 92' lang='lat' dir='ltr'>et</span> <span class='ocrx_word' id='word_1_616' title='bbox 745 4757 853 4826; x_wconf 79' lang='lat' dir='ltr'>officii</span> <span class='ocrx_word' id='word_1_617' title='bbox 871 4759 981 4828; x_wconf 90' lang='lat' dir='ltr'>animi</span> <span class='ocrx_word' id='word_1_618' title='bbox 1001 4760 1074 4830; x_wconf 89' lang='lat' dir='ltr'>sint</span> <span class='ocrx_word' id='word_1_619' title='bbox 1125 4753 1356 4846; x_wconf 85' lang='lat' dir='ltr'>Lampsacum</span> <span class='ocrx_word' id='word_1_620' title='bbox 1372 4755 1515 4830; x_wconf 88' lang='lat' dir='ltr'>deleret.</span> <span class='ocrx_word' id='word_1_621' title='bbox 1567 4757 1752 4849; x_wconf 86' lang='lat' dir='ltr'>Quantum</span> <span class='ocrx_word' id='word_1_622' title='bbox 1777 4765 1814 4832; x_wconf 89' lang='lat' dir='ltr'>in</span> <span class='ocrx_word' id='word_1_623' title='bbox 1836 4765 2022 4838; x_wconf 85' lang='lat' dir='ltr'>obsidione</span> <span class='ocrx_word' id='word_1_624' title='bbox 2049 4795 2114 4862; x_wconf 88' lang='lat' dir='ltr'>op·</span> 
     </span>
     <span class='ocr_line' id='line_1_47' title="bbox 77 4851 2111 4967; baseline 0.005 -37"><span class='ocrx_word' id='word_1_625' title='bbox 77 4859 276 4952; x_wconf 80' lang='lat' dir='ltr'>excitandi,</span> <span class='ocrx_word' id='word_1_626' title='bbox 302 4860 457 4952; x_wconf 90' lang='lat' dir='ltr'>denique</span> <span class='ocrx_word' id='word_1_627' title='bbox 477 4861 628 4928; x_wconf 90' lang='lat' dir='ltr'>multum</span> <span class='ocrx_word' id='word_1_628' title='bbox 645 4859 805 4942; x_wconf 90' lang='lat' dir='ltr'>consilii,</span> <span class='ocrx_word' id='word_1_629' title='bbox 831 4859 917 4928; x_wconf 85' lang='lat' dir='ltr'>artis</span> <span class='ocrx_word' id='word_1_630' title='bbox 941 4876 973 4930; x_wconf 89' lang='lat' dir='ltr'>et</span> <span class='ocrx_word' id='word_1_631' title='bbox 992 4885 1074 4932; x_wconf 89' lang='lat' dir='ltr'>eru·</span> <span class='ocrx_word' id='word_1_632' title='bbox 1125 4856 1199 4944; x_wconf 86' lang='lat' dir='ltr'>pidi</span> <span class='ocrx_word' id='word_1_633' title='bbox 1224 4851 1433 4951; x_wconf 72' lang='lat' dir='ltr'>Wittaberg</span> <span class='ocrx_word' id='word_1_634' title='bbox 1449 4861 1581 4950; x_wconf 79' lang='lat' dir='ltr'>proluit</span> <span class='ocrx_word' id='word_1_635' title='bbox 1599 4865 1808 4952; x_wconf 88' lang='lat' dir='ltr'>ambiguitas</span> <span class='ocrx_word' id='word_1_636' title='bbox 1826 4859 1987 4967; x_wconf 83' lang='lat' dir='ltr'>Guelso,</span> <span class='ocrx_word' id='word_1_637' title='bbox 2019 4868 2111 4940; x_wconf 84' lang='lat' dir='ltr'>Deci</span> 
     </span>
     <span class='ocr_line' id='line_1_48' title="bbox 79 4953 2113 5059; baseline 0.002 -25"><span class='ocrx_word' id='word_1_638' title='bbox 79 4962 233 5034; x_wconf 88' lang='lat' dir='ltr'>ditionis</span> <span class='ocrx_word' id='word_1_639' title='bbox 250 4953 336 5029; x_wconf 87' lang='lat' dir='ltr'>haec</span> <span class='ocrx_word' id='word_1_640' title='bbox 350 4961 505 5028; x_wconf 84' lang='lat' dir='ltr'>suavitas</span> <span class='ocrx_word' id='word_1_641' title='bbox 522 4961 558 5028; x_wconf 86' lang='lat' dir='ltr'>in</span> <span class='ocrx_word' id='word_1_642' title='bbox 576 4961 824 5050; x_wconf 87' lang='lat' dir='ltr'>congressibus</span> <span class='ocrx_word' id='word_1_643' title='bbox 838 4963 1003 5052; x_wconf 88' lang='lat' dir='ltr'>postulat.</span> <span class='ocrx_word' id='word_1_644' title='bbox 1125 4955 1316 5044; x_wconf 75' lang='lat' dir='ltr'>Basarieo,</span> <span class='ocrx_word' id='word_1_645' title='bbox 1351 4983 1430 5030; x_wconf 91' lang='lat' dir='ltr'>cum</span> <span class='ocrx_word' id='word_1_646' title='bbox 1449 4965 1673 5034; x_wconf 86' lang='lat' dir='ltr'>concessisset</span> <span class='ocrx_word' id='word_1_647' title='bbox 1690 4963 1738 5058; x_wconf 85' lang='lat'>¹⁰)</span> <span class='ocrx_word' id='word_1_648' title='bbox 1756 4965 1951 5059; x_wconf 85' lang='lat' dir='ltr'>Imperator</span> <span class='ocrx_word' id='word_1_649' title='bbox 1964 4963 2113 5040; x_wconf 82' lang='lat' dir='ltr'>Conra-</span> 
     </span>
    </p>
   </div>
   <div class='ocr_carea' id='block_1_5' title="bbox 1126 5053 2115 5154">
    <p class='ocr_par' dir='ltr' id='par_1_6' title="bbox 1126 5053 2115 5154">
     <span class='ocr_line' id='line_1_49' title="bbox 1126 5053 2115 5154; baseline 0.016 -26"><span class='ocrx_word' id='word_1_650' title='bbox 1126 5053 1213 5145; x_wconf 83' lang='lat' dir='ltr'>dus,</span> <span class='ocrx_word' id='word_1_651' title='bbox 1249 5073 1288 5130; x_wconf 91' lang='lat' dir='ltr'>ut</span> <span class='ocrx_word' id='word_1_652' title='bbox 1320 5061 1497 5154; x_wconf 86' lang='lat' dir='ltr'>principes</span> <span class='ocrx_word' id='word_1_653' title='bbox 1527 5067 1703 5137; x_wconf 79' lang='lat' dir='ltr'>foeminae</span> <span class='ocrx_word' id='word_1_654' title='bbox 1727 5090 1768 5138; x_wconf 87' lang='lat' dir='ltr'>ex</span> <span class='ocrx_word' id='word_1_655' title='bbox 1791 5091 1871 5140; x_wconf 88' lang='lat' dir='ltr'>arce</span> <span class='ocrx_word' id='word_1_656' title='bbox 1892 5071 2115 5144; x_wconf 89' lang='lat' dir='ltr'>discederent</span> 
     </span>
    </p>
   </div>
   <div class='ocr_carea' id='block_1_6' title="bbox 113 5203 657 5357">
    <p class='ocr_par' dir='ltr' id='par_1_7' title="bbox 113 5203 657 5357">
     <span class='ocr_line' id='line_1_50' title="bbox 113 5203 657 5274; baseline 0.002 -16"><span class='ocrx_word' id='word_1_657' title='bbox 113 5205 145 5274; x_wconf 84' lang='grc'>7)</span> <span class='ocrx_word' id='word_1_658' title='bbox 166 5213 199 5257; x_wconf 81' lang='lat' dir='ltr'>nt</span> <span class='ocrx_word' id='word_1_659' title='bbox 211 5207 259 5271; x_wconf 76' lang='lat' dir='ltr'>r&#39;dr]</span> <span class='ocrx_word' id='word_1_660' title='bbox 280 5203 404 5258; x_wconf 86' lang='lat' dir='ltr'>Declam.</span> <span class='ocrx_word' id='word_1_661' title='bbox 422 5207 484 5271; x_wconf 81' lang='lat' dir='ltr'>ubi,</span> <span class='ocrx_word' id='word_1_662' title='bbox 504 5223 534 5256; x_wconf 85' lang='lat' dir='ltr'>er</span> <span class='ocrx_word' id='word_1_663' title='bbox 549 5209 657 5259; x_wconf 83' lang='lat' dir='ltr'>urendo.</span> 
     </span>
     <span class='ocr_line' id='line_1_51' title="bbox 115 5287 444 5357; baseline -0.012 -15"><span class='ocrx_word' id='word_1_664' title='bbox 115 5291 143 5357; x_wconf 70' lang='grc'>8)</span> <span class='ocrx_word' id='word_1_665' title='bbox 166 5287 227 5342; x_wconf 77' lang='lat' dir='ltr'>Lib.</span> <span class='ocrx_word' id='word_1_666' title='bbox 242 5288 304 5342; x_wconf 81' lang='lat' dir='ltr'>net.</span> <span class='ocrx_word' id='word_1_667' title='bbox 323 5297 444 5354; x_wconf 71' lang='lat' dir='ltr'>atquae.</span> 
     </span>
    </p>
   </div>
   <div class='ocr_carea' id='block_1_7' title="bbox 79 5365 1677 5562">
    <p class='ocr_par' dir='ltr' id='par_1_8' title="bbox 79 5365 1677 5562">
     <span class='ocr_line' id='line_1_52' title="bbox 111 5365 1567 5454; baseline -0.017 -29"><span class='ocrx_word' id='word_1_668' title='bbox 111 5365 472 5439; x_wconf 51' lang='lat' dir='ltr'>§ilaihffleldi&#39;cigr&#39;lun</span> <span class='ocrx_word' id='word_1_669' title='bbox 601 5444 604 5454; x_wconf 39' lang='grc' dir='ltr'>Ι</span> <span class='ocrx_word' id='word_1_670' title='bbox 707 5370 711 5382; x_wconf 85' lang='grc'><strong>“</strong></span> <span class='ocrx_word' id='word_1_671' title='bbox 873 5436 876 5451; x_wconf 47' lang='grc'>1</span> <span class='ocrx_word' id='word_1_672' title='bbox 1161 5377 1567 5448; x_wconf 45' lang='lat' dir='ltr'>ponibfflepmmmm.</span> 
     </span>
     <span class='ocr_line' id='line_1_53' title="bbox 79 5459 1677 5562; baseline -0.021 -27"><span class='ocrx_word' id='word_1_673' title='bbox 79 5459 611 5536; x_wconf 73' lang='lat' dir='ltr'>n.......0....v...v111.</span> <span class='ocrx_word' id='word_1_674' title='bbox 1324 5555 1328 5562; x_wconf 24' lang='grc' dir='ltr'><strong>Δ</strong></span> <span class='ocrx_word' id='word_1_675' title='bbox 1541 5475 1591 5546; x_wconf 70' lang='lat'>30</span> <span class='ocrx_word' id='word_1_676' title='bbox 1670 5475 1677 5502; x_wconf 66' lang='lat' dir='ltr'>c</span> 
     </span>
    </p>
   </div>
   <div class='ocr_carea' id='block_1_8' title="bbox 1134 5261 1359 5272">
    <p class='ocr_par' dir='ltr' id='par_1_9' title="bbox 1134 5261 1359 5272">
     <span class='ocr_line' id='line_1_54' title="bbox 1134 5261 1359 5272; baseline -0.004 -2"><span class='ocrx_word' id='word_1_677' title='bbox 1134 5261 1359 5272; x_wconf 54' lang='grc' dir='ltr'>-..κισ-...ρυ-</span> 
     </span>
    </p>
   </div>
   <div class='ocr_carea' id='block_1_9' title="bbox 0 0 2354 5812">
    <p class='ocr_par' dir='ltr' id='par_1_10' title="bbox 0 0 2354 5812">
     <span class='ocr_line' id='line_1_55' title="bbox 0 0 2354 5812; baseline 0 0"><span class='ocrx_word' id='word_1_678' title='bbox 0 0 2354 5812; x_wconf 95' lang='lat' dir='ltr'> </span> 
     </span>
    </p>
   </div>
  </div>
 </body>
</html>
