4688 5816
74 205 153 284 set
661 207 1090 290 urtsroeannn
1144 203 1354 288 ttuxu.
1409 211 1536 296 tosa.
1836 299 1839 304 Δ
1904 185 1909 194 ’
2040 230 2117 308 aaa

76 377 341 472 Ecclesiarum,
366 409 432 456 nos
453 381 511 458 his
532 385 711 476 breviores
728 409 867 470 sumus,
893 401 984 458 etex
1000 385 1072 458 illis
1126 376 1173 450 do
1197 380 1259 456 eis.
1311 379 1355 454 It.
1386 379 1516 456 Venite
1532 381 1588 458 ad
1606 411 1661 459 me
1676 415 1817 478 amnes,
1842 397 1911 496 qui
1928 394 2113 476 laboratis

77 490 246 576 cognosci
263 491 472 560 senteutiam
491 502 646 559 nostram
663 492 838 560 volumus.
1125 492 1156 554 a!
1174 485 1318 554 onerati
1331 483 1417 555 estis
1423 539 1436 574 ,
1463 511 1529 582 ego
1550 485 1707 584 reficiam
1725 521 1796 572 vas.
1846 501 1889 576 lt.
1913 497 2032 576 Nemo
2046 531 2110 576 ra-

186 589 256 662 Sed
276 605 316 660 ut
338 592 382 660 de
405 591 643 660 controversia
671 594 844 682 praesenti
870 593 1071 686 loquamur,
1122 585 1196 684 pict
1215 609 1295 656 oves
1317 609 1418 658 meas
1440 611 1487 658 ex
1507 592 1680 666 manibus
1699 595 1800 672 meis.
1851 599 1893 676 lt,
1920 601 2007 699 Ego
2027 631 2109 680 sum

78 692 257 784 quaedam
275 693 357 762 inde
380 695 568 782 repetenda
585 706 679 764 stant.
730 693 879 784 Semper
901 689 968 762 ltoc
990 717 1070 760 sen·
1125 685 1226 772 vitis,
1255 711 1315 758 vos
1334 687 1519 785 palmites.
1558 693 1644 765 'llic
1667 696 1781 770 Filius
1805 703 1940 792 primus
1963 733 2003 776 ex
2027 711 2108 784 sinu

76 793 194 862 simus
215 808 249 864 et
269 795 473 876 docuimus,
499 796 588 862 sicut
613 791 742 864 Paulus
765 796 882 888 iuquit
896 793 1002 866 Rom.
1019 791 1070 865 5.:
1124 790 1254 859 aeterni
1285 789 1396 860 Patris
1420 795 1568 884 protulit
1588 791 1842 890 Evangelium‚
1875 822 1909 876 et
1927 803 2110 903 †semper

78 887 224 964 Gratia
244 891 319 964 Dei
330 909 363 965 et
378 889 513 964 dantem
525 918 591 991 per
602 893 788 988 gratiam,
815 920 927 992 prtum
945 894 1071 987 recipi·
1124 905 1239 962 servat
1253 891 1488 964 ministerium
1509 901 1702 989 evangelii,
1727 917 1760 973 et
1769 902 1785 927 ”
1799 902 1835 996 ²¹)
1854 907 1891 976 in
1908 933 1949 980 eo
1968 927 2019 980 est
2034 915 2109 984 etli-

78 1019 165 1066 mus
182 994 221 1090 ¹³)
237 1005 384 1095 propter
400 1021 512 1065 unum
530 989 711 1065 hominem
729 994 851 1067 [esum
868 992 1070 1078 Christum,
1124 1019 1197 1064 cax.
1249 987 1416 1064 Ostendit
1429 997 1647 1072 voluntatem
1660 1001 1775 1074 Patris
1791 1005 1829 1074 in
1842 1013 2020 1084 mentibus
2033 1039 2109 1086 crc-

79 1094 121 1166 in
150 1097 287 1169 multas
318 1095 538 1170 exuberavit.
600 1098 769 1170 Nominat
797 1115 913 1170 autem
940 1101 1071 1168 Patulus
1124 1094 1302 1174 (lamium,
1330 1097 1417 1166 sicut
1436 1097 1568 1193 inquit:
1594 1095 1714 1176 Nemo
1737 1103 2011 1182 novitPatrem
2032 1113 2111 1185 nisi

80 1201 250 1290 gratiam,
291 1201 477 1290 gratuitam
506 1200 748 1270 remissionem
784 1217 1002 1294 peccatorum
1038 1214 1073 1270 et
1124 1189 1270 1278 litias,
1303 1205 1335 1265 et
1359 1195 1418 1266 cui
1440 1197 1516 1270 vult
1534 1197 1577 1298 ²²)
1598 1197 1727 1276 Filius
1750 1205 1916 1286 revelare.
1974 1211 2023 1286 Et
2048 1242 2109 1306 pep

80 1303 410 1372 reconciliationem
428 1325 488 1372 seu
505 1302 797 1375 iustificationum.
840 1299 976 1372 Deinde.
992 1327 1070 1371 cum
1124 1325 1203 1366 etun
1233 1298 1427 1368 titillentur
1453 1305 1596 1374 cretleus
1619 1307 1700 1378 dato
1726 1307 1862 1401 Spiritu
1878 1313 1936 1402 S.,
1966 1317 2026 1410 qui
2051 1343 2108 1388 ac-

81 1397 223 1472 doaum
256 1405 434 1489 nominat,
467 1404 713 1494 complectitur
742 1406 860 1474 omnio
895 1405 1072 1487 beneficia,
1125 1399 1243 1468 cendit
1266 1397 1436 1470 laetitiam
1460 1417 1494 1474 et
1522 1406 1783 1480 invocationem
1805 1409 1890 1498 Dei,
1923 1430 1957 1488 et
1977 1431 2110 1490 ceteros

81 1521 275 1601 quaesunt
295 1507 480 1590 coniuncta
504 1531 583 1576 rum
601 1507 905 1588 reconciliatione,
932 1511 976 1576 de
992 1505 1071 1600 qui·
1124 1513 1240 1570 motus
1257 1501 1354 1586 tales,
1379 1503 1493 1592 qualis
1507 1505 1581 1597 ipse
1595 1525 1656 1594 est,
1676 1511 1771 1582 iuxta
1785 1513 1937 1589 dictum:
1964 1515 2006 1588 E
2039 1546 2108 1590 un-

80 1610 152 1678 bus
186 1610 330 1678 dicitur:
370 1605 548 1676 veniemus
574 1602 630 1676 ad
653 1631 751 1694 eum,
790 1618 821 1678 et
843 1608 1071 1678 mansionem
1126 1595 1213 1671 dam
1236 1623 1346 1699 super
1364 1597 1511 1675 domum
1536 1603 1674 1680 David
1690 1607 1871 1710 Spiritum
1898 1629 2048 1712 gratiae
2076 1631 2108 1692 et

81 1705 193 1804 apud
218 1733 297 1808 eum
319 1707 524 1808 faciemus,
562 1708 743 1794 videlicut,
778 1712 1010 1802 praesentiam
1039 1715 1073 1780 e‘t
1122 1727 1277 1800 precum.
1329 1701 1381 1774 lta
1398 1703 1504 1776 homo
1519 1709 1557 1780 tit
1573 1714 1742 1804 templum
1757 1711 1837 1802 Dei,
1861 1732 1895 1788 et
1909 1735 2004 1790 recte
2019 1723 2109 1794 dici-

83 1814 277 1882 efficaciam
299 1813 430 1881 aeterni
457 1810 572 1881 Patris
597 1835 660 1902 per
682 1811 813 1881 Filium
837 1827 870 1882 et
892 1811 952 1903 Sp.
975 1811 1011 1882 S.
1034 1812 1072 1882 in
1125 1821 1183 1876 tur
1200 1801 1359 1876 habitare
1373 1805 1469 1878 Deus
1491 1809 1529 1878 in
1550 1815 1656 1883 corde
1670 1808 1825 1888 hominis
1846 1823 1979 1908 renati,
2000 1824 2108 1920 idque

81 1915 312 1982 credentibus
336 1914 372 1981 in
398 1909 462 1980 hac
484 1914 572 1996 vita,
607 1926 640 1982 et
667 1927 743 2002 post
771 1915 1071 1997 resurrectionem,
1123 1909 1163 1978 fit
1185 1903 1253 1978 hoc
1276 1907 1419 1978 ordine:
1451 1907 1557 1982 Pater
1576 1913 1674 1986 misit
1695 1914 1848 2004 Filium,
1873 1935 1913 1994 nt
1938 1925 2109 2016 proferret

80 2017 195 2085 vitam
228 2016 476 2106 sempiternam
496 2011 560 2104 ¹⁴),
603 2015 771 2084 iustiti-am
808 2031 839 2084 et
868 2010 1072 2111 solutem'⁵)
1125 2007 1393 2100 promissionem
1425 2034 1466 2082 ex
1488 2027 1630 2086 aeterno
1649 2013 1700 2111 ²³)
1729 2021 1878 2093 consilio
1900 2025 2109 2111 divinitatis,

79 2109 283 2202 aeternam,
322 2118 454 2210 inqua
484 2117 551 2190 erit
572 2111 668 2186 Deus
691 2117 809 2186 omnia
835 2119 872 2187 in
896 2117 1073 2191 omnibus.
1125 2126 1159 2182 et
1184 2109 1298 2181 Filius
1322 2111 1360 2180 in
1383 2113 1581 2188 ministerio
1606 2118 1879 2196 immediate'est
1905 2127 2043 2214 efficax,
2075 2144 2111 2199 et

82 2218 247 2290 Primum
280 2219 404 2308 igitur,
442 2243 521 2290 cum
551 2217 596 2290 sit
625 2221 807 2289 conversio
830 2221 872 2288 ad
898 2217 1012 2288 Deum
1035 2219 1073 2287 iu
1125 2209 1337 2308 ostendit,²⁴)
1365 2213 1582 2288 voluntatem
1604 2217 1717 2290 Patris
1741 2221 1779 2292 in
1802 2225 2014 2314 cogitatione
2036 2254 2109 2300 nou

82 2322 269 2412 agnitione
291 2333 514 2413 peccatorum
538 2333 572 2389 et
595 2321 686 2388 veris
704 2323 904 2406 doloribus,
936 2345 1074 2390 necesse
1125 2311 1360 2410 hypocritica,
1393 2331 1426 2385 et
1448 2343 1511 2408 per
1534 2345 1611 2388 etun
1636 2323 1741 2392 datur
1756 2323 1911 2416 Spiritus
1925 2327 1984 2416 S.,
2016 2345 2056 2402 ut
2072 2331 2111 2400 iu

83 2438 153 2510 est,
182 2447 247 2492 nos
264 2445 451 2512 agnoscere
467 2421 599 2491 Filium
615 2415 657 2516 ¹⁸)
672 2425 920 2512 mediatorem,
946 2437 978 2492 et
997 2448 1074 2493 cre·
1126 2419 1230 2486 corde
1261 2416 1430 2487 laetitiam
1447 2415 1488 2516 ²⁵)
1519 2434 1552 2491 et
1575 2423 1662 2492 alios
1692 2425 1770 2516 pios
1794 2442 1910 2498 motus
1933 2435 2111 2519 accendat,

83 2529 171 2596 dere
198 2525 303 2594 uobis
335 2525 465 2593 remitti
491 2535 650 2616 peccata,
683 2549 748 2593 nos
774 2525 1013 2608 reconciliari,
1041 2539 1075 2596 et
1127 2519 1217 2589 sicut
1239 2518 1358 2611 lnquit
1378 2517 1541 2591 loannes:
1570 2521 1608 2592 ln
1632 2517 1701 2594 ltoc
1720 2529 1988 2620 cognoscimus,
2012 2529 2116 2630 quod

83 2629 192 2698 nobis
214 2626 381 2718 imputari
399 2626 587 2706 iustitiam,
615 2648 679 2694 nos
696 2628 864 2698 vivificari
883 2643 915 2698 et
932 2627 1075 2696 liberari
1127 2619 1166 2688 in
1185 2631 1500 2692 eomaneamusat
1517 2620 1646 2720 ipsein
1663 2625 1782 2714 noba,
1807 2629 1896 2726 putu
1912 2627 1955 2702 de
1967 2627 2112 2732 Spiritu

83 2733 132 2802 ab
152 2743 293 2800 aeterna
316 2741 447 2814 morte,
479 2741 513 2800 et
536 2727 672 2820 placere
691 2725 768 2796 Deo
798 2744 940 2822 propter
964 2730 1074 2800 solam
1126 2715 1313 2792 suodedit
1338 2721 1456 2797 nobis.
1505 2722 1553 2796 Et
1574 2723 1707 2820 Ephes.
1731 2727 1775 2800 l.:
1808 2739 1839 2800 et
1867 2731 1987 2832 ipsum
2013 2732 2112 2830 dedit

82 2832 294 2902 mediatoris
309 2830 546 2900 obedientiam
562 2829 669 2919 gratis
686 2855 747 2918 per
762 2831 878 2916 tidem,
901 2855 973 2902 uon
992 2856 1075 2920 pro·
1128 2831 1235 2919 caput
1256 2825 1523 2919 superomnia
1548 2823 1756 2914 Ecclesiae,
1789 2855 1883 2930 quae
1909 2844 1960 2904 est
1984 2859 2113 2936 carpus

83 2949 168 3026 pter
195 2933 365 3004 iustitiam
393 2932 612 3002 essentialem
645 2929 729 3014 Dei,
763 2929 873 3003 Actor
891 2933 953 3006 X.:
990 2925 1077 3001 huic
1127 2921 1819 3022 eiusimplens²⁶)omaiainomnibus.
1845 2932 2112 3028 Etttpheslt:

85 3059 213 3106 omnes
237 3027 441 3130 Prophetae
471 3031 761 3116 tristimoniam
782 3029 992 3130 perhibent,
1021 3056 1075 3103 re·
1127 3019 1395 3118 aedificamini,
1421 3037 1460 3097 ut
1476 3028 1559 3100 sitis
1576 3027 1802 3104 domicilium
1817 3031 1897 3106 Dei
1909 3061 1974 3134 per
1990 3036 2112 3138 Spiri-

82 3136 298 3208 missionem
318 3145 545 3232 peccatorum
576 3135 734 3230 accipere
758 3159 822 3230 per
847 3161 975 3206 nomeu
1000 3134 1076 3205 eius
1128 3135 1215 3198 tum.
1254 3126 1350 3198 Haec
1364 3125 1406 3221 ²⁷)
1423 3135 1466 3200 de
1485 3136 1679 3223 praesentia
1694 3138 1760 3208 Dei
1776 3161 1837 3209 seu
1853 3124 2113 3214 inhabitatione

84 3262 211 3312 omnes
227 3236 294 3338 pai
308 3235 454 3308 credunt
470 3238 509 3307 in
526 3237 630 3308 eum''
648 3234 694 3332 ¹⁷).
735 3235 777 3308 lt.
794 3233 986 3331 iustificati
1000 3235 1076 3307 eius
1128 3231 1167 3300 in
1191 3231 1320 3300 renatis
1344 3231 1436 3302 clare
1455 3235 1689 3324 affirruamus,
1716 3264 1780 3308 nec
1804 3242 1971 3327 dicimus,
1996 3241 2112 3314 Deum

82 3341 271 3435 sunguine
287 3337 537 3426 salvabimur,
563 3354 597 3410 et
614 3340 631 3410 1
651 3334 724 3412 tole
742 3337 785 3409 l.:
808 3336 975 3434 Sanguis
990 3335 1076 3410 Iesu
1127 3334 1177 3402 sic
1201 3333 1239 3400 in
1265 3332 1314 3400 eis
1333 3337 1453 3404 adesse
1476 3336 1566 3408 sicut
1585 3339 1670 3409 solis
1686 3343 1842 3432 potentia
1860 3345 1932 3434 agit
1955 3344 1993 3413 in
2014 3347 2114 3416 venis

83 3437 252 3524 Christi,
286 3435 387 3511 Filii
406 3439 500 3528 Dei,
533 3437 689 3512 mundat
713 3464 779 3510 nos
803 3439 851 3509 ab
872 3442 975 3512 omni
996 3465 1077 3537 pec·
1102 3495 1107 3514 ,
1128 3450 1259 3520 terrae;
1287 3437 1346 3504 sed
1363 3437 1492 3528 reipsa
1513 3455 1712 3530 praesentes
1729 3441 1834 3512 Pater
1857 3457 1890 3512 et
1905 3444 2018 3516 Filius
2039 3447 2114 3540 spi·

85 3554 182 3620 cata.
233 3542 282 3614 Et
308 3568 449 3636 prorsus
477 3545 569 3612 idem
598 3543 795 3633 significant
818 3538 873 3612 his
897 3537 1076 3636 sormis¹⁸)
1128 3551 1208 3604 rom
1224 3533 1396 3626 Spiritum
1415 3538 1452 3610 S.
1478 3539 1516 3606 in
1539 3565 1600 3610 cor
1614 3520 1798 3615 credentis.
1848 3541 1896 3614 Et
1912 3540 1997 3616 haec
2011 3571 2113 3638 prae·

85 3647 281 3743 loquendi,
320 3656 467 3741 propter
495 3639 736 3716 obedientiam
771 3639 1004 3726 mediatoris,
1046 3652 1077 3712 et
1128 3636 1238 3706 sentia
1264 3650 1299 3704 el
1321 3631 1491 3709 habitatio
1514 3654 1565 3710 esi
1586 3634 1674 3724 hoc,
1707 3645 1802 3738 quod
1820 3644 1951 3716 dicitur
1975 3649 2114 3720 novitas

82 3755 418 3849 propter-mortem,
444 3773 505 3818 sert
527 3754 674 3842 propter
696 3745 916 3840 sanguinem
933 3740 1080 3818 Christi
1129 3737 1333 3826 spiritualis.
1391 3737 1463 3808 Nec
1490 3756 1540 3810 est
1571 3741 1658 3810 nnio
1689 3744 1902 3834 personalis,
1934 3749 2049 3842 qualis
2075 3751 2113 3820 in

85 3877 155 3923 ’,ος
175 3843 382 3938 iustficm,
435 3850 506 3920 Nae
528 3850 612 3916 fidas
634 3849 713 3928 itta,
743 3873 811 3940 qua
832 3850 1023 3940 accipimus
1038 3843 1077 3941 ¹¹¹)
1128 3835 1268 3908 Christo
1288 3853 1358 3923 cst,
1385 3842 1444 3908 sed
1467 3856 1518 3912 est
1539 3837 1711 3914 habitatio
1733 3861 1772 3918 ut
1795 3847 1833 3914 in
1848 3850 2048 3936 domicilio,
2074 3851 2112 3922 in

84 3953 379 4038 consolationem,
401 3950 506 4046 est²⁰)
522 3951 686 4038 cogitatio
704 3950 792 4040 picta
810 3943 976 4020 humanis
991 3951 1076 4018 viri-
1130 3937 1194 4010 hsstc
1210 3943 1279 4008 vita
1295 3941 1511 4031 separabilis.

82 4060 155 4130 bus
177 4057 255 4126 sine
277 4055 416 4124 actione
445 4054 583 4138 divioa;
619 4053 680 4120 sed
703 4074 826 4120 verum
849 4066 917 4135 est,
953 4053 989 4120 in
1015 4051 1076 4119 itta
1199 4049 1201 4054 '
1231 4041 1355 4112 't'ertto
1371 4045 1535 4114 addimus
1558 4039 1641 4116 hoc:
1678 4072 1880 4142 quanquam
1899 4075 2038 4124 necesse
2053 4069 2114 4144 est,

84 4155 349 4241 consolatione,
384 4180 465 4226 cum
485 4157 590 4226 corda
614 4152 682 4222 lide
712 4152 915 4241 eriguntur,
943 4150 1076 4222 Filium
1129 4137 1221 4212 tuoe
1244 4139 1515 4231 habitationem,
1549 4172 1610 4218 seu
1630 4149 1866 4236 effectionem,
1897 4155 2113 4227 seunovita·

84 4261 156 4334 Dei
170 4253 282 4357 λόγον
295 4257 468 4328 efficacem
485 4280 558 4328 esse
576 4279 655 4326 cum
673 4268 816 4323 externo
834 4255 961 4338 verbo,
987 4255 1079 4324 sicut
1130 4257 1199 4314 tern
1216 4245 1254 4314 in
1272 4249 1402 4316 renatis
1419 4272 1509 4330 esse,
1535 4264 1653 4318 tamen
1678 4275 1751 4318 uon
1766 4265 1904 4332 manet,
1929 4255 1997 4324 nisi
2014 4281 2114 4347 prae-

83 4363 236 4435 dicitur,
265 4355 518 4452 &angelium
542 4367 593 4428 ω)
615 4355 780 4454 potantia
802 4351 881 4424 Dei
901 4349 1079 4425 adsalu.
1131 4349 1268 4416 lucente
1300 4344 1363 4416 hac
1388 4349 1473 4432 lide,
1515 4354 1610 4444 quod
1640 4374 1788 4440 persona
1815 4354 1861 4424 sit
1883 4355 1972 4426 iusta
1996 4381 2115 4429 coram

86 4457 459 4536 egmomnieredenti,
513 4459 618 4532 ltem:
645 4454 733 4552 Ego
757 4453 870 4528 vitam
891 4467 1078 4560 aeternam
1131 4447 1222 4533 Deo,
1250 4450 1284 4518 id
1309 4463 1376 4530 est,
1405 4445 1589 4546 tubaat²⁸)
1616 4453 1857 4524 remissionem
1881 4471 2114 4548 peccatorum,

1134 4619 1145 4628 .
1159 4617 1358 4630 ......„.......

121 4727 167 4794 ta)
185 4725 257 4782 eos.
276 4725 362 4780 oola.
379 4725 418 4780 ts.
440 4743 495 4792 qua
513 4725 672 4791 reeotmus.
1165 4717 1209 4785 2¹)
1227 4715 1300 4772 Hm
1318 4717 1391 4772 „aare
1408 4719 1469 4775 eod·
1492 4719 1576 4777 θοι).
1595 4722 1634 4780 ¹9·

120 4815 168 4880 ts)
187 4815 406 4878 sempiternom]
424 4827 487 4863 cunr
507 4809 568 4863 cod.
583 4805 665 4862 Goth.
681 4805 722 4862 19.
741 4805 812 4862 edidi
829 4821 880 4878 pro
898 4805 1081 4884 sapientiam,
1165 4801 1216 4870 22)
1240 4805 1308 4858 cod.
1331 4804 1416 4864 Gotlr.
1430 4806 1471 4862 19.
1489 4811 1617 4862 uoluerit.

158 4881 234 4954 quod
253 4880 383 4934 mendum
402 4886 450 4934 est.
1167 4887 1212 4954 ts)
1233 4889 1303 4944 coa.
1325 4887 1408 4944 Goth.
1430 4890 1467 4943 19.
1487 4909 1608 4948 areuna.

124 4969 170 5036 15)
191 4965 263 5022 Cod·
283 4963 364 5019 Goth·
384 4963 426 5020 ¹9·
443 4965 593 5016 hildilam·
1166 4975 1211 5042 24)
1232 4973 1301 5028 cod.
1321 4973 1402 5028 Goth.
1423 4975 1461 5032 19.
1480 4985 1511 5027 ut
1529 4981 1669 5034 ostendat.

123 5055 169 5120 16)
183 5054 277 5124 fitium
297 5049 365 5119 Det]
384 5051 447 5108 coel.
468 5049 551 5106 Goth.
568 5048 607 5108 19.
1166 5061 1219 5182 fii
1235 5059 1306 5114 coa.
1325 5059 1407 5116 Goth.
1429 5061 1468 5114 19.
1487 5061 1629 5113 laetitiam
1650 5081 1700 5133 pro
1718 5065 1862 5129 notiam,
1895 5065 1969 5138 quod
1989 5069 2119 5127 meadum

123 5142 168 5208 17)
191 5139 274 5192 Addit
293 5137 355 5192 eod.
374 5137 459 5192 Goth.
476 5137 515 5192 19.
1221 5133 1301 5184 abeo.

122 5227 167 5292 18)
187 5225 261 5278 cod,
282 5223 367 5278 Goth,
385 5223 425 5278 19,
444 5227 499 5276 hae
509 5221 636 5291 soranae,
1166 5211 1216 5283 26)
1238 5215 1306 5268 Coel.
1325 5211 1408 5267 Goth.
1431 5209 1471 5266 19.
1487 5213 1632 5276 plenitudo
1651 5213 1800 5282 t'tttplenlt's.

125 5313 170 5380 19)
190 5309 263 5364 Cori.
281 5307 367 5366 Goth.
383 5308 423 5364 19.
442 5309 577 5374 acupieta
596 5325 645 5377 pro
664 5324 719 5376 pua
736 5304 821 5366 aecio.
1168 5299 1214 5364 27)
1236 5299 1326 5366 Hace]
1345 5298 1407 5352 cod.
1430 5297 1515 5351 Goth.
1534 5299 1575 5352 19.
1594 5309 1667 5354 recte
1689 5318 1739 5372 pro
1760 5301 1840 5357 Ht'rra

124 5399 174 5467 20)
194 5401 250 5462 est]
267 5403 342 5450 reete
360 5394 422 5452 sod.
443 5391 524 5448 Goth.
542 5392 583 5460 19.
599 5409 650 5464 pro
668 5399 705 5446 et.
855 5445 859 5453 ,
1169 5385 1214 5454 28)
1234 5383 1281 5439 Sic
1302 5383 1365 5440 cod.
1387 5379 1471 5438 Goth.
1489 5381 1532 5436 19.
1553 5403 1601 5452 pro
1619 5385 1697 5446 Deo,
1716 5389 1830 5470 hahens.

1530 5455 1647 5530 87*“
