4714 5832
99 213 174 293 146

198 383 314 458 Debet
328 379 461 478 hospiti
475 407 540 457 suo
555 383 729 478 Magistro
744 383 970 462 Sebastiano
978 385 1090 464 Mas-

94 483 206 560 thaso
225 487 548 578 Wittembergeusi
572 483 766 560 Iohannes·
790 485 977 564 Weidner
1000 519 1089 590 qua·

95 591 258 682 draginta
275 584 508 660 loarhimicos
524 603 559 660 ct
573 587 726 662 Grossos
742 593 944 668 duodecim.
972 593 1088 666 Valde

93 717 180 779 oro,
210 705 252 762 ut
272 691 365 782 patri
387 685 549 762 hortator
570 691 634 778 sis,
667 705 709 765 ut
723 717 801 764 earn
816 697 1003 788 pecuniam
1017 721 1088 768 nu-

91 794 224 864 merari
248 805 372 864 nostro
396 789 561 882 Collegae
583 807 692 866 curet.
758 793 858 867 Beue
884 811 918 870 et
937 799 1087 870 ieliciter

92 896 182 968 vale.
233 891 302 964 Die
316 888 468 984 Augusti
482 893 542 966 26.
595 890 703 966 Anno
723 893 833 974 1563.

194 993 355 1068 Salutem
372 995 474 1066 vobis
489 997 656 1068 omuibus
672 1011 768 1090 opto.

834 1097 1034 1194 Philippus.

100 1424 169 1501 No.
185 1425 299 1504 5460.

93 1531 307 1566 Μ

912 1445 969 1509 27.
984 1433 1069 1518 Aug.

903 1525 1074 1558 Μ

409 1617 458 1704 U.
489 1616 762 1706 Mordisiaa.

186 1773 271 1845 Epist.
293 1773 381 1832 hav.
401 1793 428 1846 p.
447 1777 548 1850 tsosq.

85 1927 126 2002 U
132 1926 253 2000 Irica
279 1925 338 2002 M
341 1929 579 2016 ordisino,
613 1927 852 2006 Cancellaria
877 1925 939 2008 Pr.
961 1927 1078 2004 Elect.

483 2031 687 2108 Saxoniae.

85 2169 133 2254 S.
158 2181 204 2257 D.
235 2181 519 2271 Clarissimevir,
544 2200 578 2256 et
594 2184 747 2256 Patrone
760 2185 918 2257 colende.
945 2181 1076 2252 Memi-

83 2285 207 2368 nistis,
241 2309 298 2354 me
318 2281 576 2356 Oschacensem
599 2288 855 2357 adolescentem
877 2279 1075 2354 Baldasa-

84 2409 167 2454 rum
189 2384 420 2472 Sarlorium,
448 2389 512 2482 qui
534 2387 602 2458 tuit
623 2388 717 2458 inter
731 2382 1013 2481 symphoniacos
1035 2383 1073 2452 in

83 2488 184 2568 aula,
219 2488 321 2558 vobis
343 2491 608 2574 commendare,
645 2513 727 2558 rum
748 2487 887 2578 Targae
909 2507 1073 2557 essemus.

80 2585 217 2658 Natura
231 2589 327 2658 hona
343 2603 416 2676 est,
440 2603 474 2660 et
488 2604 581 2660 recte
596 2591 722 2660 didicit
737 2591 868 2659 artium
883 2587 1007 2672 initia,
1033 2611 1086 2656 ac.

81 2690 214 2780 poterit
227 2691 308 2760 usui
323 2713 407 2774 esse,
433 2715 512 2760 cum
528 2705 622 2762 aetas
637 2691 828 2784 aliqnando
843 2689 979 2760 firmior
995 2688 1073 2760 erit.

79 2790 187 2862 Nunc
213 2793 251 2860 in
278 2791 342 2862 ista
371 2793 606 2862 adolescentia
632 2796 794 2862 nondum
820 2791 900 2860 aliis
932 2789 1074 2880 praefici

79 2907 206 2983 potest.
260 2889 307 2964 Et
330 2915 404 2962 non
427 2907 478 2964 est
496 2894 603 2977 utile,
637 2909 720 2963 eum
734 2893 864 2962 abduci
880 2916 920 2961 cx
935 2889 1073 2960 Acade-

80 2995 170 3077 mia,
196 3017 238 3062 ae
252 3016 328 3084 spes
347 2995 380 3062 ei
396 2995 484 3064 lacta
503 3007 554 3064 cst
572 2995 610 3062 in
626 2995 725 3078 aula,-
750 2993 928 3073 futurum‚
953 3003 996 3061 ut
1009 2989 1073 3060 sti-

79 3095 236 3184 pendio,
261 3095 351 3166 sicut
373 3109 474 3166 antea
497 3097 620 3166 datum
638 3110 709 3178 est,
735 3093 871 3165 diutius
886 3093 1073 3163 frueretur.

78 3191 157 3266 Etsi
172 3197 266 3281 scio,
285 3211 466 3268 oneratam
483 3219 556 3266 csse
572 3197 700 3279 aulam,
726 3209 844 3265 tamen
859 3190 956 3264 hunc
971 3193 1073 3262 vobis

79 3299 360 3383 santonensem,
392 3311 538 3390 propter
560 3298 696 3388 ingenii
721 3297 917 3368 bonitatem
938 3309 972 3366 et
991 3318 1073 3364 eru-

77 3400 270 3482 ditionem,
297 3401 518 3470 commendo.

179 3497 299 3570 Hodie
314 3499 432 3570 literas
447 3525 488 3570 ex
503 3495 681 3570 Bononia
696 3497 911 3590 accepimus,
936 3495 974 3562 in
992 3493 1072 3586 qui-

78 3601 146 3670 bus
170 3599 511 3686 scribitur,·novam
530 3601 674 3670 classem
693 3597 881 3670 Turricam
900 3597 944 3666 ad
959 3591 1071 3666 Mas-

78 3699 222 3794 syliam
237 3701 372 3774 venisse
389 3695 445 3798 ¹⁵),
475 3717 509 3772 et
522 3703 560 3772 in
578 3725 704 3792 magno
721 3715 817 3770 metu
834 3695 971 3767 ltaliam
986 3719 1070 3770 esse.

77 3803 192 3896 Saepe
215 3804 331 3893 cogito
354 3805 398 3874 de
413 3799 576 3872 Hiltcnii
589 3803 776 3888 vaticinio,
808 3799 871 3894 qui
886 3797 1070 3890 praedixit,

78 3897 223 3976 Tarsos
238 3905 275 3974 in
291 3901 394 3976 ltalia
407 3921 441 3978 et
455 3901 649 3976 Germania
662 3918 870 3994 regnaturos
886 3921 960 3969 esse
974 3921 1069 3968 anno

82 4007 192 4081 1600.
244 4005 315 4078 Sed
337 4007 496 4098 ipsorum
513 4005 716 4076 Turturum
741 4001 907 4074 vaticinia
933 3999 1070 4084 dicunt,

79 4107 260 4188 laturum,
291 4121 333 4178 ut
357 4109 537 4199 pellantur
558 4129 599 4176 ex
616 4104 829 4188 Germania,
862 4115 897 4172 el
911 4114 996 4170 tunc
1012 4101 1070 4169 in·

80 4211 308 4282 clinationem
330 4211 406 4280 iore
420 4207 537 4298 Regni
554 4207 712 4300 Turrici.
762 4201 919 4276 Oremus
936 4201 1070 4271 Filium

79 4307 166 4398 Dei,
198 4325 241 4382 ut
256 4307 434 4382 Ecclesiae
457 4311 625 4404 reliquias
642 4309 679 4380 in
696 4303 753 4376 his
768 4305 973 4392 regionibus
989 4328 1070 4394 pro·

83 4427 176 4504 tegat
188 4425 224 4484 et
236 4427 362 4487 servet.
413 4411 510 4484 Bene
525 4409 650 4484 valete.
694 4407 763 4480 Die
778 4405 843 4578 ἱῚ.
857 4402 1019 4494 Augusti.

753 4507 782 4580 P
811 4507 953 4600 ilippus.

86 4723 683 4740 „mm-wa
687 4711 1070 4731 mm*

88 4847 279 4976 RQ.
727 4856 784 4919 so.
801 4844 885 4928 sug.
912 4843 961 4924 (u.
979 4841 1053 4922 aa)

389 5031 458 5116 Io.
488 5020 765 5139 Aurifahra.

154 5197 173 5257 τ
189 5189 228 5244 u·
241 5183 399 5262 apographo
411 5183 441 5238 in
456 5182 520 5240 cod.
534 5179 619 5235 Paris.
632 5179 670 5232 D.
681 5175 712 5233 1.
726 5175 760 5230 51
767 5175 786 5231 ⁸.
801 5183 805 5192 '

98 5307 305 5322 w

123 5371 150 5440 *t
168 5375 248 5428 Anao
264 5369 342 5427 1568.
378 5367 443 5424 vid·
456 5364 577 5422 Steidao.
590 5364 623 5418 ad
637 5363 834 5421 honerosum.

97 5447 265 5518 11ιιιιτι.
284 5451 392 5520 Orsa.
418 5443 503 5512 Ver..
515 5437 616 5510 Vlll.

677 217 1108 298 EPISTOLARUM
1159 223 1373 302 Ltuxtt
1427 221 1587 304 155³(

2061 245 2134 318 146

1182 386 1402 466 Iohanni
1424 395 1714 496 Aurisabra,
1738 396 2091 502 TheologiaeDoct.

1141 527 1190 614 S.
1218 541 1264 619 D.
1323 545 1533 620 Reverende
1554 549 1610 618 vir
1631 563 1664 620 et
1690 551 1809 624 cariss.
1833 556 1949 630 irater.
2001 559 2128 636 Subito

1139 645 1364 718 scribendum
1385 649 1453 720 fuit
1476 643 1865 726 huicBartholomaeo
1880 656 2128 752 Tangcrmuu·

1138 747 1250 834 densi,
1275 749 1337 843 qui
1351 751 1419 821 fuit
1434 749 1559 822 Pastor
1574 751 1611 820 in
1626 751 1784 826 Ecclesia
1800 758 1962 830 suburbii
1977 757 2126 835 Parthe-

1138 871 1258 940 nopes.
1309 847 1441 923 Exulat
1458 866 1498 925 ut
1512 854 1626 928 multi.
1668 853 1721 926 Te
1735 871 1882 950 propter
1897 862 2041 932 exilium
2058 863 2123 936 lilii

1137 947 1202 1018 Dei
1218 951 1255 1018 in
1275 953 1377 1022 terris
1392 979 1475 1038 oro,
1503 967 1544 1024 ut
1560 949 1645 1025 huic
1658 951 1930 1030 Bartholomaeo
1947 965 2123 1036 nidiolum

1136 1051 1265 1121 alicubi
1281 1077 1439 1146 quaeras,
1465 1078 1502 1123 re
1518 1055 1712 1128 deliberata
1728 1081 1807 1128 cum
1823 1062 1955 1138 amicis.
2005 1061 2123 1136 Habet

1137 1145 1318 1222 honestam
1342 1157 1526 1246 coniugem
1550 1157 1717 1228 etlilium
1741 1174 1864 1231 natum
1886 1187 1999 1234 annos
2022 1169 2124 1242 duos.

1136 1249 1294 1324 Obsecro
1319 1269 1369 1342 te,
1404 1283 1449 1326 nc
1470 1259 1562 1326 desis
1585 1257 1725 1329 misero.
1785 1259 1943 1334 Tantum
1966 1265 2123 1338 tristium

1134 1357 1413 1442 spectaculorum
1435 1359 1595 1428 videmus
1617 1373 1651 1430 et
1666 1359 1849 1448 audimus,
1879 1377 1921 1435 ut
1936 1361 2029 1436 nihil
2045 1391 2121 1438 ma·

1135 1455 1195 1522 lim
1212 1481 1316 1549 quam
1334 1481 1374 1528 ex
1392 1455 1457 1528 hac
1472 1461 1542 1530 vita
1558 1459 1746 1532 discedere.
1787 1461 1827 1532 ln
1844 1460 2038 1538 Lithuania
2055 1463 2121 1538 ho·
2160 1465 2162 1472 ’

1134 1557 1246 1625 mines
1266 1558 1393 1652 laqueo
1413 1561 1522 1630 vitam
1544 1559 1676 1632 finiunt
1696 1562 1763 1632 sibi
1780 1577 1815 1636 et
1829 1565 1942 1647 natis,
1966 1589 2012 1638 ne
2027 1569 2120 1638 fame
2168 1615 2173 1636 .

1134 1671 1294 1748 pereant,
1319 1673 1353 1730 et
1368 1663 1412 1732 sit
1429 1665 1522 1754 apud
1539 1683 1604 1730 nos
1619 1685 1761 1733 annona
1777 1667 1969 1754 angustior.
2021 1666 2119 1739 Bene

1132 1759 1208 1828 vale
1230 1773 1265 1830 et
1288 1761 1435 1835 salutem
1455 1765 1563 1836 dicito
1583 1756 1752 1834 Arnotdo
1772 1781 1805 1837 et
1821 1761 1987 1854 Daaidi,
2014 1793 2120 1864 quern

1131 1859 1250 1932 iubeto
1274 1857 1364 1932 mihi
1389 1867 1545 1958 exempla
1568 1885 1712 1936 suarum
1734 1867 2018 1960 propositionum
2034 1870 2119 1942 mit-

1130 1973 1213 2030 tere.
1265 1963 1323 2032 dic
1340 1969 1473 2060 penult.
1491 1963 1654 2055 Augusti.

1870 2060 1965 2138 Phil.
1978 2061 2067 2138 Mel.

1142 2396 1208 2471 No.
1225 2395 1340 2474 5462.

1130 2493 1342 2534 Q

1955 2415 1987 2474 1.
2004 2403 2089 2490 Sept.

1935 2495 2109 2527 w

1454 2565 1550 2654 Aa.
1582 2515 1785 2658 Cratoai.

1192 2723 1270 2780 Edita
1283 2725 1311 2780 iu
1324 2723 1410 2780 libros
1434 2725 1503 2796 „De
1517 2726 1631 2798 antiquo
1644 2735 1670 2780 et
1682 2726 1822 2798 profundo
1834 2725 1951 2782 consilio
1963 2727 2033 2801 Dei,
2050 2747 2114 2786 exe·

1226 2794 1366 2916 tilithi
1376 2793 2114 2934 tittlllttttltt’.ltttttthhll‘lttttttt

1226 2929 1311 2984 tificio
1347 2939 1375 2983 et
1388 2929 1419 2982 ad
1434 2948 1528 2984 eorum
1541 2930 1654 3002 gloriam
1668 2929 1838 3001 conscripta,
1856 2931 1902 3002 qui
1917 2930 1945 2986 in
1959 2931 2113 2990 ministerio

1227 2997 1302 3052 verbi
1317 2967 1432 3052 hdeliter
1443 2997 1583 3068 laborant,
1608 3017 1656 3070 per
1668 3001 1814 3054 Nicolaum
1828 3002 1985 3066 Asclepium
1997 3003 2113 3056 Barda-

1227 3075 1287 3119 tum
1303 3065 1334 3122 1.
1348 3067 1379 3123 1..
1392 3065 1431 3120 D·
1450 3095 1482 3108 -
1508 3065 1571 3121 Una
1585 3085 1648 3121 eum
1662 3071 1904 3122 commendatione
1916 3068 2039 3134 meieni
2050 3069 2115 3124 He..

1226 3136 1379 3190 laatbanis.
1428 3133 1557 3188 Francoi.
1582 3153 1612 3188 er
1637 3135 1745 3196 officina
1769 3135 1842 3190 Petri
1868 3135 2015 3194 Beubachii
2040 3155 2113 3194 anuo

1228 3203 1269 3256 M.
1283 3201 1317 3256 D.
1333 3202 1419 3258 Llll.”
1453 3201 1535 3258 (Mihi
1555 3203 1687 3272 descripta
1705 3201 1798 3259 aller.
1812 3219 1869 3256 van
1885 3203 1981 3275 Orsen,
2005 3203 2112 3260 Pastori

1227 3269 1362 3362 Ecclesiae
1377 3271 1405 3324 in
1420 3271 1548 3339 meter,
1564 3269 1592 3324 iu
1610 3271 1739 3326 comitatu
1756 3270 1899 3340 blacchia.)

1122 3419 1335 3496 Reverendo
1359 3427 1453 3506 viro,
1477 3423 1680 3498 eruditione
1698 3436 1730 3496 et
1748 3425 1877 3498 es’rluie
1889 3426 2110 3524 praestanti,

1122 3524 1175 3600 D.
1208 3523 1384 3598 Adama
1425 3515 1627 3598 Cratoni
1660 3523 1863 3614 Fuldensi,
1912 3521 2112 3626 Philippus

1439 3619 1670 3698 Melanthea
1696 3627 1734 3701 S.
1753 3627 1798 3700 D.

1121 3763 1341 3870 Dionysius
1355 3767 1514 3871 Capnio,
1538 3776 1599 3868 qui
1618 3755 1819 3846 adolescens
1834 3776 1971 3846 audivit
1988 3771 2111 3872 Ange-

1122 3875 1200 3948 lum
1221 3871 1454 3948 Palitianum
1469 3869 1526 3971 *),
1560 3877 1728 3946 narrabat
1749 3901 1830 3947 eum
1854 3878 2109 3968 interrogatum

1121 3981 1332 4074 aliquando,
1357 3978 1444 4072 quid
1462 3979 1506 4046 de
1521 3975 1670 4046 Psalmis
1683 3975 1862 4047 Davidicis
1884 3979 2047 4058 sentiret,
2074 3993 2109 4048 et

1108 4083 1165 4152 'ad
1192 4081 1277 4173 quid
1302 4081 1468 4172 prodesse
1490 4101 1612 4148 eorum
1636 4079 1822 4147 lectionem
1835 4075 2023 4165 iudicaiet,
2051 4101 2108 4146 re-

1121 4183 1321 4274 spondisse,
1354 4179 1421 4250 sihi
1441 4202 1525 4248 vero
1547 4179 1684 4268 placere
1699 4179 1759 4246 illa
1776 4177 1922 4271 antiqua
1938 4177 2107 4257 carmina,

1121 4297 1155 4354 et
1177 4284 1359 4354 continere
1382 4305 1420 4350 ea
1442 4280 1570 4368 partim
1588 4275 1732 4345 honesta
1752 4292 1953 4370 praecepta,
1978 4281 2106 4368 partim

1121 4385 1342 4475 gravissimas
1354 4381 1540 4450 conciones
1556 4379 1599 4446 de
1614 4379 1832 4468 providentia
1849 4380 1940 4450 etde
1957 4377 2107 4449 scelera·

1120 4499 1238 4556 torum
1264 4481 1405 4574 poenis,
1436 4479 1565 4570 partim
1587 4479 1746 4568 querelas
1761 4481 1804 4548 dc
1821 4479 2025 4549 infirmitate
2040 4475 2106 4548 ho-

1121 4585 1259 4654 minum
1282 4583 1387 4652 utiles
1409 4583 1453 4648 ad
1477 4581 1667 4650 frenandos
1681 4579 1931 4648 immoderatos
1945 4581 2106 4670 impetus,

1121 4685 1251 4778 partim
1276 4677 1441 4751 historias
1467 4679 1542 4749 eius
1566 4679 1689 4768 gentis.
1742 4677 1810 4750 Sed
1838 4680 1976 4749 addidit
2000 4673 2105 4747 Pali-

1121 4783 1250 4856 tianus
1281 4777 1374 4851 hanc
1408 4781 1633 4852 collationem
1666 4803 1721 4848 res
1746 4781 1882 4850 easdem
1909 4780 2047 4849 dulcius
2073 4791 2106 4846 et

1121 4885 1341 4980 splendidius
1364 4881 1500 4952 narrari
1520 4883 1558 4950 in
1583 4881 1660 4951 odis
1676 4879 1885 4953 Pindaricis.
1936 4879 1990 4949 lbi
2006 4879 2104 4970 pingi

1121 4989 1281 5060 Ixionem
1297 4985 1336 5054 in
1352 4997 1429 5054 rota
1444 4985 1652 5052 clamantem

1093 5183 1094 5188 ἵ
1216 5111 1321 5172 discite
1336 5109 1481 5168 iustitiam
1496 5108 1621 5182 moniti,
1650 5115 1754 5166 elnon
1769 5125 1904 5186 spernere
1919 5103 2014 5168 divos.

1126 5237 1347 5258 ...συ-...-

1159 5295 1190 5368 *)
1211 5292 1335 5364 Angelus
1352 5285 1521 5354 Politiauus,
1550 5285 1662 5342 illustris
1680 5287 1763 5342 bomo
1782 5285 1878 5368 doetus
1897 5281 2038 5366 ira-ltalia.
2062 5284 2109 5353 qui

1194 5364 1266 5420 abiit
1281 5379 1307 5419 a.
1321 5359 1397 5416 1191.
1425 5356 1486 5414 Vid.
1499 5355 1661 5414 lienoluaii
1673 5355 1728 5414 vita
1742 5354 1875 5410 Palatium.
1904 5355 1979 5426 Lapa.
1991 5351 2068 5410 1716.
2080 5353 2107 5408 1.

1547 5429 1594 5500 10
