4712 5828
2194 55 2225 122 ,ς
2324 73 2325 84 Ν

262 213 338 288 889
822 207 1258 288 artsrouatttttt
1314 213 1529 296 1113.le
1580 213 1715 300 ttos.
2216 223 2288 304 llo

364 381 413 456 Et
435 407 515 456 cum
532 385 576 456 ad
592 397 626 456 te
640 383 792 454 scribam
808 383 1002 456 clarissime
1015 380 1255 480 Hieronymo,
1304 383 1375 456 rias
1391 379 1578 475 Aeschinis
1598 399 1632 459 et
1645 379 1916 474 Demosthenis,
1944 343 2287 484 queaum'ttranmm
2324 471 2325 486 χ

265 490 348 559 nolo
364 503 398 558 te
416 487 566 558 lectione
581 481 710 558 harum
726 486 884 557 rixarum
901 511 1068 574 onerare,
1092 508 1254 580 praeser-
1304 486 1441 579 pictura
1474 487 1628 559 nullam·
1642 487 1719 560 vidi
1743 484 1997 580 pulchriorem.
2054 487 2165 564 Dedit
2185 493 2287 586 igitur
2324 497 2325 568 l

265 591 433 662 timeum
453 587 696 658 narrationem
711 583 797 660 huic
811 588 911 681 operi
924 613 1000 660 nou
1013 589 1193 662 insuavem
1210 591 1254 658 de
1303 591 1519 676 mercedem,
1559 603 1602 660 ut
1631 589 1829 682 Dalhurgio
1863 592 2028 686 episcopo
2063 591 2287 684 vangionum

254 689 403 763 locabo
417 685 693 788 Questabcrgio,
719 703 803 760 nato
819 691 856 760 in
871 693 1004 784 oppidu
1020 690 1158 786 Mysiae
1172 688 1254 760 Fri·
1303 691 1474 778 scriberet
1488 685 1715 764 Athenaeum
1732 706 1766 764 et
1778 691 1868 764 alios
1884 695 2058 788 quosdam
2072 694 2206 782 libros,
2232 697 2289 790 qui
2324 693 2325 780 l

264 799 388 886 berga,
415 795 516 864 cuius
536 817 645 863 manu
663 793 859 884 exemplum
875 791 1010 877 Procli,
1035 795 1132 886 quod
1148 791 1254 862 nobis
1303 790 1343 860 in
1367 787 1583 864 bibliotheca
1604 794 1759 888 episcopi
1783 791 2011 886 vangionum
2031 807 2153 890 postea
2175 813 2289 870 custo·

265 897 415 982 dedisti,
445 895 615 988 scriptum
639 909 708 974 est.
734 896 863 965 addere
888 894 1116 970 decreverim.
1166 893 1253 964 Tibi
1304 893 1371 964 diti
1403 909 1498 970 aunt.
1556 887 1783 968 Athenaeum
1815 897 2012 971 retinuerat
2035 895 2186 992 Capnio.
2247 895 2290 972 Et

265 1013 382 1071 autem
407 1012 443 1070 et
462 999 572 1068 debeo
590 1007 626 1066 et
642 991 755 1066 habeo
772 996 919 1086 gratiam
937 995 1082 1090 publico
1098 997 1253 1083 nomine,
1304 1018 1384 1065 cum
1398 994 1608 1088 Mogontiae
1633 996 1800 1070 iuventus
1819 997 1865 1070 sit
1890 993 1949 1070 hic
1969 997 2090 1072 Procli
2109 1025 2290 1072 commen·

266 1103 362 1198 quod
394 1095 491 1172 huuc
509 1097 627 1169 Procli
649 1099 942 1169 commentarium
965 1097 1110 1170 voluisti
1131 1099 1190 1168 edi
1214 1097 1253 1168 iu
1302 1097 1433 1184 tamus,
1465 1097 1626 1169 existimo
1651 1123 1694 1170 co
1714 1103 1890 1193 perlatum
1914 1123 1988 1173 csse
2011 1123 2054 1176 ex
2074 1099 2290 1176 bibliotheca

265 1201 468 1300 publicum,
493 1215 533 1272 ut
548 1203 649 1292 legia
667 1201 789 1270 multis
804 1201 926 1291 possit.
1304 1199 1460 1292 episcopi
1482 1199 1723 1292 Vangiouum.
1785 1199 1877 1274 Cum
1910 1217 2026 1276 autem
2050 1207 2290 1278 controversia

368 1301 544 1398 interpres
561 1319 612 1376 est
626 1303 773 1375 Proclus
789 1303 898 1386 aliepi
913 1301 1030 1393 operis
1045 1301 1193 1385 nitidus,
1218 1317 1254 1376 et
1302 1299 1499 1394 Capnionis
1521 1315 1616 1373 mota
1632 1317 1739 1389 esset,
1772 1299 1831 1376 hic
1846 1299 1994 1376 lacobus
2007 1301 2291 1398 Queatebergius,

265 1409 437 1480 delectare
458 1409 616 1478 eruditos
639 1405 753 1478 oratio
775 1418 888 1497 potest
909 1417 944 1475 et
966 1399 1131 1500 physicae
1155 1431 1253 1476 com·
1302 1427 1439 1474 memor
1458 1405 1587 1476 veteris
1606 1405 1799 1490 amicitiae,
1839 1425 1967 1496 magna
1990 1408 2060 1478 lide
2080 1411 2175 1500 apud
2200 1409 2290 1480 Leo-

265 1510 539 1602 monefactioucs
552 1504 611 1579 hic
627 1507 776 1580 traditae
790 1531 863 1578 non
877 1519 962 1577 suut
975 1505 1131 1582 inutiles.
1179 1506 1252 1579 Nec
1304 1529 1385 1575 nem
1401 1507 1626 1599 pontificem,
1652 1510 1747 1600 apud
1766 1507 1994 1580 Cardiualcm
2009 1507 2186 1583 Venatum
2206 1507 2291 1582 Gri-

265 1615 420 1684 eduntur
443 1608 529 1682 haec
551 1611 647 1694 istis,
674 1607 737 1703 qui
751 1623 861 1680 totam
877 1608 1076 1678 doctrinam
1089 1624 1251 1680 motuum
1301 1631 1447 1678 manum
1469 1607 1626 1694 etalios,
1650 1603 2131 1702 tueriCapnionemcoepit,
2157 1613 2290 1704 acplus
2324 1619 2325 1672 l

265 1716 467 1806 coelestium
490 1727 525 1784 et
544 1711 862 1784 considerationem
886 1734 1034 1802 operum
1052 1711 1110 1781 dei
1129 1712 1168 1782 in
1184 1737 1251 1782 na·
1302 1703 1466 1799 cihuius
1486 1707 1594 1783 unius
1615 1711 1687 1782 viri
1701 1713 1873 1786 autoritas
1888 1712 2042 1805 proluit,
2073 1737 2119 1784 ne
2135 1715 2290 1784 crudeli·
2324 1705 2325 1778 j

189 1829 193 1836 “
265 1833 343 1889 tura
357 1815 536 1910 cyclopico
551 1825 756 1905 contemptu
770 1827 1015 1905 aspernantur.
1064 1809 1251 1884 anutem
1302 1824 1372 1882 tate
1386 1807 1644 1884 monachorum
1659 1815 1848 1897 deleretur,
1875 1837 1982 1908 quam
1998 1837 2121 1906 regum
2135 1831 2171 1886 et
2189 1817 2289 1908 prin·
2324 1845 2325 1912 ᾗ

263 1919 340 1989 vidi
368 1919 537 1988 libentius
569 1915 767 2006 exemplum
797 1929 915 1999 tuum,
955 1915 1037 2009 quia
1063 1937 1145 1986 mox
1169 1939 1249 1986 cum
1301 1913 1420 2005 cipum
1439 1915 1582 2000 literae,
1616 1939 1705 2010 quae
1721 1941 1801 1988 eum
1815 1913 1932 1988 Leoni
1945 1918 2290 1998 commendaverant.
2324 1939 2325 1994 ἲ

264 2021 400 2114 aspexi,
420 2013 555 2088 Iaculi
564 2009 817 2114 Questebergii
830 2041 975 2087 manum
990 2018 1130 2106 agnovi,
1151 2017 1251 2088 cuius
1302 2014 1374 2086 Diu
1397 2016 1491 2086 enim
1513 2013 1651 2089 Romae
1675 2019 1811 2090 vixerat
1832 2015 1980 2090 lacobus
2002 2031 2036 2089 et
2057 2019 2200 2110 publica
2228 2043 2289 2090 ne-

264 2126 333 2197 viri
348 2123 592 2194 recordatione
609 2133 752 2212 propter
768 2119 895 2190 multas
910 2141 1031 2189 causas
1048 2119 1203 2190 delector
1217 2133 1251 2190 et
1300 2117 1394 2206 gotia
1415 2131 1538 2204 norat,
1569 2131 1604 2190 et
1619 2135 1764 2212 propter
1780 2119 2005 2212 prudentiam
2019 2133 2054 2191 ct
2068 2119 2290 2211 diligentiam
2324 2179 2325 2194 ,

264 2225 470 2296 memoriam
494 2224 666 2293 virtutum
691 2221 802 2314 ipsius
816 2221 953 2290 tradere
967 2221 1251 2313 posteris·cupio,
1301 2219 1340 2288 iu
1363 2219 1461 2290 omni
1483 2217 2233 2316 officiosaepeaLeoneetacardinalibus
2250 2227 2290 2294 de

263 2317 500 2424 quod‘tamen
524 2326 599 2416 ipse
621 2325 694 2394 suis
715 2323 853 2414 scriptia
867 2321 980 2393 multo
995 2323 1121 2392 melius
1136 2323 1249 2393 facere
1300 2323 1447 2392 summis
1461 2320 1613 2412 negotiis
1627 2323 1896 2410 consulebatur3
1923 2323 2072 2396 edoctis
2085 2324 2190 2396 etiam
2206 2350 2289 2418 pro-
2324 2329 2325 2392 i

221 2494 227 2511 ,
262 2431 442 2523 potuisset.
492 2427 604 2498 Natus
618 2426 657 2496 iu
671 2425 804 2518 oppido
819 2423 1008 2515 Friherga,
1038 2449 1117 2494 cum
1134 2425 1170 2493 in
1186 2449 1249 2516 pa·
1300 2437 1378 2516 pter
1400 2423 1636 2494 cruditionem
1668 2427 1894 2518 diligebatur.
1950 2421 2005 2498 Ac
2033 2422 2288 2499 moderationis
2324 2431 2325 2436 ’

262 2533 330 2604 tria
346 2531 522 2602 academia
539 2530 696 2618 linguam
715 2527 861 2598 latinam
876 2541 908 2597 et
923 2527 985 2597 illa
1003 2521 1249 2618 philosophiae
1299 2525 1375 2597 eius
1408 2520 1477 2595 hoc
1503 2550 1577 2597 uon
1603 2527 1794 2600 obscurum
1821 2527 2064 2599 testimonium
2089 2541 2159 2616 eat,
2191 2531 2287 2624 quod

261 2633 586 2716 initia'didicisset,
626 2651 716 2726 qtrae
738 2643 824 2700 tunc
849 2629 1098 2714 tradebantur,
1131 2627 1249 2699 nescio
1299 2652 1380 2698 cum
1402 2629 1538 2699 aditum
1562 2623 1710 2702 haberet
1726 2629 1865 2702 facilem
1881 2631 1925 2700 ad
1941 2627 2157 2720 amplissima
2173 2655 2288 2702 sacer-

262 2759 332 2831 qua
360 2736 542 2810 occasione
563 2731 715 2806 Romam
737 2730 835 2800 venit
855 2725 1051 2800 Alexandri
1071 2731 1249 2822 pontificis
1300 2731 1396 2802 dotia
1419 2744 1452 2801 et
1478 2731 1524 2800 ad
1546 2755 1649 2824 opes,
1682 2745 1868 2806 contentus
1884 2731 1952 2804 suit
1967 2729 2139 2802 mediocri
2156 2731 2238 2804 loco
2256 2749 2290 2805 et

259 2853 431 2930 tempore.
483 2834 555 2908 Ubi
571 2847 756 2928 propterea
773 2833 868 2925 quod
882 2845 917 2902 et
934 2832 1110 2922 eleganter
1124 2833 1247 2926 pinge-
1298 2831 1432 2924 exiguis
1451 2831 1696 2920 facultatibus,
1715 2859 1803 2930 quas
1819 2835 1868 2907 ita
1882 2829 2087 2916 collocavit,
2111 2847 2152 2908 ut
2167 2837 2289 2906 multis

259 2941 324 3012 bat
358 2941 493 3010 latinas·
518 2939 638 3008 literas
667 2949 701 3006 et
731 2935 883 3006 latinum
908 2955 1107 3004 sermonem
1128 2935 1247 3004 minus
1297 2935 1473 3027 germanis
1488 2929 1688 3027 hospitibus
1701 2937 1787 3008 inde
1803 2961 1906 3030 opem
1922 2937 2039 3010 ferret.

260 3039 408 3113 horride
431 3039 704 3133 pronuntiabat,
740 3059 847 3130 quam
870 3036 1039 3109 usitatum
1066 3049 1118 3108 cst
1141 3038 1248 3108 nobis
1398 3034 1518 3108 Huius
1530 3037 1600 3108 viri
1616 3039 1832 3110 mentionem
1851 3035 1910 3112 hic
1926 3037 2081 3109 libenter
2096 3037 2177 3124 leci,
2204 3041 2289 3134 quia

259 3143 299 3216 in
320 3141 513 3214 Germania
536 3142 629 3212 natis
650 3153 685 3210 et
704 3139 835 3208 deinde
858 3141 903 3208 ad
925 3161 1052 3208 sonum
1075 3153 1245 3228 agrestem
1297 3151 1331 3209 et
1352 3139 1529 3228 gratitudo
1553 3139 1587 3208 ei
1607 3141 1774 3230 debetur,
1807 3142 1902 3240 quod
1919 3139 2107 3232 descripsit
2119 3137 2289 3212 Proclum

259 3245 487 3330 adsuefactis,
535 3243 690 3314 familiae
721 3261 805 3310 auae
838 3263 919 3311 curn
951 3240 1114 3310 adiunxit
1142 3251 1246 3310 senex
1297 3253 1330 3310 et
1347 3240 1386 3308 in
1402 3237 1632 3310 Germaniam
1650 3243 1765 3330 misit,
1789 3260 1823 3316 et
1836 3243 1987 3334 exempli
2001 3264 2103 3314 causa
2120 3242 2209 3312 utile
2226 3257 2290 3327 est,

259 3347 450 3419 cardinalis
483 3344 657 3428 Venetus,
700 3337 845 3412 Marcus
880 3343 925 3411 de
956 3355 1077 3410 sancto
1108 3340 1246 3428 Marco,
1296 3343 1334 3411 in
1353 3342 1467 3433 patria
1489 3345 1696 3432 pracsertim
1720 3361 1823 3420 notos
1850 3367 1923 3417 esse
1939 3336 2031 3416 tales'
2043 3343 2160 3430 viros,
2194 3369 2288 3438 quo-

258 3475 363 3549 quam
383 3463 467 3520 tuuc
485 3461 519 3519 ct
532 3461 677 3540 propter
692 3443 931 3514 cruditionem
947 3457 982 3514 ct
995 3453 1139 3535 propter
1154 3445 1245 3514 vitae
1296 3469 1375 3514 rum
1404 3444 1565 3534 ingenia,
1603 3447 1737 3533 studia,
1776 3449 1889 3520 virtus
1914 3460 2046 3518 ornant
2070 3445 2225 3538 patriam
2253 3463 2288 3517 et

256 3550 493 3641 integritatem
518 3571 643 3620 omnes
664 3541 803 3616 honesti
826 3559 860 3616 et
876 3545 1036 3616 Venetiis
1053 3558 1088 3615 et
1104 3545 1143 3616 in
1156 3547 1245 3616 urbe
1296 3547 1426 3618 multos
1442 3547 1596 3617 invitant
1610 3549 1655 3617 ad
1669 3549 1911 3620 doctrinarum
1927 3571 2097 3622 amorem.
2324 3627 2325 3636 ἦ

257 3651 374 3725 Roma
407 3650 554 3743 plurimi
580 3651 755 3721 iaciebant
788 3661 822 3719 et
847 3649 1118 3722 venerabantur.
1174 3647 1244 3719 Hic
1397 3647 1484 3719 Tibi
1506 3673 1587 3718 vere
1602 3645 1827 3746 Hieronymo
1848 3675 1927 3722 cum
1943 3649 2139 3722 editionem
2154 3649 2289 3721 debea-

257 3777 336 3824 cum
359 3755 506 3824 vidisset
525 3767 687 3823 naturam
711 3751 750 3820 iu
775 3747 902 3821 Iacobo
925 3750 1167 3822 doctrinarum
1185 3773 1244 3819 ca-
1293 3775 1384 3838 mus,
1410 3774 1634 3844 nequaquam
1649 3753 1717 3825 tuit
1730 3755 1927 3827 omittenda
1940 3747 1994 3822 t'ui
2008 3749 2172 3822 beneficii
2187 3775 2289 3822 com-

256 3879 377 3949 parem
404 3879 495 3938 esse,
526 3867 626 3946 parte
650 3852 782 3922 laboris
804 3853 842 3923 in
866 3851 1107 3922 describendis
1122 3850 1244 3921 latinis
1295 3853 1513 3928 memoratio.
1534 3887 1538 3902 ·
1566 3851 1674 3942 Quod
1698 3867 1931 3948 cumgratum
1949 3854 2111 3926 futurum
2127 3852 2174 3924 sit
2190 3857 2288 3926 mul-

256 3959 359 4030 libris
376 3983 456 4028 eum
470 3955 601 4026 levavit
615 3967 650 4024 et
671 3954 804 4023 discere
820 3975 978 4043 graecam
995 3953 1152 4042 linguam
1169 3953 1242 4022 ius-
1293 3955 1339 4024 tis
1353 3954 1465 4026 doctis
1480 3955 1578 4040 viris,
1603 3977 1668 4046 ego
1684 3980 1782 4027 nunc
1796 3955 1938 4050 publico
1955 3955 2102 4028 nomine
2119 3954 2186 4024 tibi
2203 3979 2289 4046 gra-

256 4063 313 4135 sit.
364 4057 501 4132 Romae
522 4081 564 4129 eo
581 4071 857 4147 temporesenex
875 4055 1119 4150 Argyropylus
1138 4051 1243 4124 Thu·-
1294 4055 1360 4130 tias
1375 4081 1460 4148 ago,
1486 4058 1581 4151 quod
1596 4051 1694 4128 hunc
1708 4057 1860 4143 librum,
1885 4057 2100 4130 utamultis
2113 4055 2183 4146 legi
2198 4081 2287 4149 pos-
2324 4123 2325 4134 ,

256 4163 417 4258 cydidern
443 4159 758 4254 interpretabatur3
793 4151 890 4226 hunc
912 4158 1017 4227 molti
1033 4155 1242 4242 cardinales,
1293 4173 1363 4244 set,
1389 4162 1568 4230 edendum
1587 4160 1692 4230 nobis
1714 4161 1910 4246 tradidisti,
1942 4157 2067 4231 actibi
2084 4171 2119 4230 et
2135 4160 2287 4230 univer-
2324 4203 2325 4212 κ

256 4279 288 4336 ct
310 4265 414 4334 multi
438 4287 559 4355 regum
583 4275 617 4333 ct
639 4258 840 4353 principum
858 4258 960 4350 legati
974 4271 1009 4329 et
1025 4257 1087 4326 alii
1101 4259 1242 4328 romani
1293 4284 1351 4330 sae
1373 4262 1529 4331 familiae
1550 4275 1683 4333 vestrae
1702 4263 1815 4334 fausta
1837 4285 1982 4357 precor,
2016 4261 2096 4346 cui,
2122 4283 2203 4331 cum
2227 4265 2287 4332 vir
2324 4261 2325 4306 ἶ

255 4367 349 4436 cives
375 4379 415 4436 et
435 4357 592 4457 hospites
617 4363 713 4434 docti
739 4361 943 4436 audiebant.
1016 4357 1134 4450 Quem
1161 4365 1240 4430 cum
1292 4363 1465 4432 excellens
1488 4363 1659 4454 sapientia
1675 4377 1711 4436 et
1726 4367 1858 4437 virtute
1870 4379 2017 4457 patruus
2033 4377 2135 4448 tuus,
2162 4355 2286 4434 Geor-

255 4467 357 4537 avide
383 4465 532 4538 lacobus
553 4465 692 4536 audiret
714 4477 749 4535 et
769 4465 867 4534 domi
888 4465 958 4534 iarn
973 4483 1114 4554 graecos
1130 4461 1240 4534 libros
1288 4461 1377 4559 gius
1392 4487 1417 4533 a
1434 4457 1695 4552 Commerstot,
1720 4467 1943 4538 consiliarius
1959 4463 2085 4561 inclyti
2097 4465 2200 4534 ducis
2215 4465 2286 4540 Sa·

255 4571 359 4639 certis
382 4564 480 4652 horis
496 4565 656 4663 quotidie
672 4565 884 4637 describeret
900 4579 936 4637 et
949 4577 1038 4637 esset
1054 4565 1092 4633 in
1106 4565 1240 4636 familia
1290 4568 1417 4639 roniae
1431 4563 1602 4658 Augusti,
1636 4565 1814 4660 Principis
1825 4565 2003 4642 Electoris
2028 4581 2092 4644 cto.
2112 4589 2284 4657 magnam

253 4671 411 4753 erudita,
437 4693 512 4742 non
536 4663 676 4760 linguas
699 4679 838 4736 tantum
859 4668 1006 4738 latinam
1030 4679 1064 4736 et
1080 4691 1238 4758 graecam
1291 4668 1559 4760 gubernationis
1589 4669 1721 4739 molem
1755 4669 1795 4739 in
1827 4665 1893 4741 hac
1917 4669 2064 4759 regione
2091 4671 2283 4757 sustineat,

120 4815 126 4826 ·
251 4773 429 4869 praeclare
456 4771 600 4858 didicit,
634 4769 696 4840 sed
728 4766 832 4838 etiam
865 4764 1111 4861 philosophiae
1137 4768 1238 4841 initia
1291 4771 1542 4862 gratitudinem
1565 4789 1690 4842 omnes
1704 4771 1884 4846 debemus.
1933 4769 1984 4844 Et
1998 4793 2065 4842 nos
2077 4771 2285 4864 praecipue,

382 4877 418 4944 '.
1315 4873 1591 4943 uidrines
1659 4873 1668 4892 '
1768 4873 1814 4943 ‘m
1979 4872 2131 4943 neeri
2182 4873 2221 4943 iii
2264 4921 2285 4934 -

251 4889 464 5047 perceillinit
487 4999 528 5045 eo
552 4988 710 5066 tempore
734 4969 889 5044 Romam
912 4961 1078 5067 Capnio‚
1111 4971 1239 5043 missus
1289 4874 2032 5071 llioneriheigratitudtiiriiadeecgit,usialialniiiteli
2047 4895 2283 5049 {resilieriti-

251 5070 872 5174 eoapriucipePalatinoPhilippo.
926 5071 1000 5162 Qui
1016 5087 1146 5144 cumet
1163 5074 1238 5165 ipse
1289 5099 1345 5146 ras
1362 5077 1521 5166 publicas
1533 5101 1652 5146 rerum
1670 5079 1922 5164 maximarum,
1953 5077 2061 5148 etiam
2077 5077 2281 5152 academia-

250 5184 393 5254 auditor
407 5194 496 5252 essct
508 5176 724 5274 Argyropyli
742 5193 775 5248 et
793 5181 887 5246 inter
899 5175 1118 5268 germanicos
1134 5176 1239 5245 audi·
1288 5201 1368 5248 rum
1390 5193 1424 5250 et
1443 5173 1644 5250 scholarum
1669 5179 1957 5250 constitutionem
1981 5191 2017 5250 et
2037 5179 2283 5251 conservatio-

248 5299 342 5354 tores
378 5281 546 5356 iacobum
580 5297 686 5350 nosse
717 5279 904 5370 coepisset,
950 5278 1098 5348 vidisset
1131 5279 1235 5351 etiam
1288 5303 1369 5350 nem
1393 5279 1649 5372 complectitur.
1701 5275 1780 5352 Oro
1801 5295 1920 5354 autem
1939 5279 2054 5352 hlium
2078 5279 2137 5352 dei
2159 5279 2281 5352 dorni-

248 5383 361 5454 libros
377 5387 421 5453 ab
437 5410 478 5454 eo
493 5383 663 5475 scriptos,
684 5381 769 5451 emit
785 5381 831 5451 ab
848 5403 889 5450 eo
904 5383 1236 5454 orationescontra-
1288 5406 1375 5454 num
1403 5395 1566 5454 nostrum
1593 5379 1710 5453 Iesum
1734 5377 1938 5471 Christum,
1974 5381 2184 5455 crucifixum
2209 5409 2280 5478 pro
