4682 5822
60 217 138 300 dli
624 209 1060 300 El’ldfl'obdflil!
1104 216 1218 300 ate.
1247 216 1332 301 Xll
1384 215 1521 298 16⁶6.
1730 267 1734 270 -
2018 223 2097 312 65⁰

60 369 149 450 baec
162 374 366 470 petitioillo
379 385 520 452 tantum
533 373 801 472 temporedicta
816 385 891 464 est,
910 373 975 448 sed
991 373 1052 446 iu·
1104 373 1198 465 irae,
1222 372 1333 463 odiis,
1365 387 1399 448 et
1421 371 1605 468 cupiditati
1630 371 1808 450 vindictae
1832 374 2091 470 indulgeamus,

60 479 107 552 de
131 503 244 574 usquc
265 481 312 552 ab
330 479 454 568 initio,
478 481 595 552 donec
609 473 767 552 Ecclesia
787 477 828 549 in
847 471 914 550 hae
930 473 1052 550 borm-
1103 502 1168 552 uec
1197 477 1394 550 ambitione
1419 481 1464 550 de
1484 491 1608 550 nostra
1626 477 1739 569 gloria
1762 480 1971 552 dimicemus
1978 533 1993 572 ,1
2023 507 2089 554 nec

58 605 150 652 num
167 581 374 654 infirmitate
389 581 588 672 colligitur,
613 581 654 652 in
670 579 735 654 illo
753 603 883 652 amano
901 578 1051 652 consilio
1103 581 1376 668 obtrectatione,
1409 605 1475 652 nec
1497 580 1804 671 suggillationibus
1820 583 1903 653 odia
1918 583 2089 656 incenda-

59 683 259 756 divinitatis
279 684 419 756 assidue
440 683 633 775 ropetitur,
658 707 699 754 ac
716 706 812 756 uuae
827 705 1051 778 quoquepro
1103 707 1192 770 mare
1216 681 1338 754 sedsit
1352 684 1391 752 in
1405 683 1757 754 indicanducandor:
1780 681 1963 774 Quaedam
1981 686 2096 764 etiam

24 807 29 820 ·
58 785 168 858 nobis
184 798 326 856 aeterno
347 785 438 878 patri
452 787 677 879 proponitur.
1102 785 1283 856 communi
1306 785 1504 858 infirmitati
1526 787 1786 871 condonemus,
1810 801 1871 858 aut
1885 785 1913 856 si
1929 810 2088 858 necessa-

163 885 238 958 Nec
255 903 340 960 sunt
362 887 462 960 irrita
487 883 575 959 haec
597 899 697 972 vota,
726 897 767 970 ,et
790 884 934 978 copulat
956 883 1051 958 Deus
1102 887 1155 960 ria
1180 889 1321 960 videtur
1344 887 1563 974 admonitio,
1594 887 1731 980 placide
1748 889 2086 970 admoneanturilli,

56 989 203 1081 piorum
227 989 381 1060 animos:
413 989 476 1060 sed
495 991 580 1060 vult·
598 989 635 1058 in
653 987 757 1058 nohis
774 987 879 1058 etiam
893 989 1050 1060 studitam
1102 989 1233 1084 quibus
1257 989 1428 1082 inspectio
1442 986 1620 1060 Ecclesiae
1639 992 1883 1060 commendata
1905 1002 1967 1059 est.
2015 990 2088 1062 De-

57 1113 135 1160 esse
157 1093 308 1161 tuendae
329 1092 612 1178 coniunctionis,
638 1103 674 1164 et
697 1091 918 1166 concordiae,
968 1089 1049 1161 Non
1103 1093 1211 1185 nique
1235 1093 1477 1164 discernamus
1499 1091 1604 1163 etiam
1628 1084 1764 1178 hostes,
1796 1105 1830 1164 et
1852 1091 1962 1176 cives,
1986 1117 2088 1184 prae-

57 1193 204 1286 copnlat
227 1193 371 1266 illorum
396 1209 557 1286 pectora,
586 1193 647 1288 qni
671 1192 831 1262 volentes
855 1206 916 1262 aut
932 1193 1052 1263 frenos
1101 1194 1231 1264 liemur
1261 1219 1343 1266 cum
1376 1189 1554 1280 hostibus;
1594 1193 1687 1266 cives
1712 1193 1890 1279 infirmos,
1930 1185 1998 1264 hoc
2024 1209 2087 1275 est,

56 1294 181 1364 laxant
197 1295 343 1386 privatis
357 1297 562 1380 affectibus,
588 1291 788 1376 ambitioni,
813 1306 848 1363 et
863 1293 966 1374 odiis,
991 1307 1051 1366 ant
1102 1296 1252 1387 collegas
1263 1297 1300 1366 in
1317 1297 1438 1366 eadem
1456 1320 1537 1366 vera
1551 1291 1729 1383 Ecclesia,
1758 1309 1820 1368 aut
1833 1295 1970 1388 placide
1985 1317 2088 1370 sane.-

56 1397 225 1482 levitate,
250 1423 290 1466 ac
307 1399 502 1490 petulantia
518 1397 762 1490 ingeniorum,
788 1410 823 1466 at
836 1396 1051 1478 curiositate,
1103 1419 1201 1482 mus,
1226 1411 1287 1468 ant
1299 1399 1475 1488 sapienter
1491 1398 1692 1471 toleremus.

56 1523 100 1570 ac
125 1499 353 1591 perversitate
374 1515 538 1586 natarrae,
562 1502 784 1571 delectantur
797 1499 892 1570 ludis
907 1499 1052 1590 opinio-
1203 1497 1356 1570 Pericles
1379 1494 1613 1591 reprehensus
1637 1511 1708 1580 est,
1733 1499 1830 1592 quod
1846 1495 1985 1570 omissis
1998 1489 2088 1570 civi·

57 1623 170 1686 num,
195 1595 404 1691 sophistica,
430 1615 465 1672 et
479 1601 578 1678 rixis.
1102 1599 1183 1672 tetis
1203 1595 1384 1689 hostibus,
1409 1603 1607 1672 incurreret
1633 1599 1672 1669 in
1686 1601 1837 1682 amicos,
1861 1599 2084 1694 praestantis-

165 1698 211 1770 ln
227 1701 357 1789 Saule,
388 1704 428 1774 in
449 1700 536 1774 Ioab
558 1704 658 1774 ardet
678 1701 839 1773 ambitio,
896 1697 946 1770 lli
970 1725 1049 1770 mam
1102 1702 1211 1774 simos
1242 1703 1353 1774 cives:
1404 1701 1495 1786 Nam
1527 1700 1713 1776 Cimonem
1746 1727 1787 1772 ex
1819 1703 1909 1772 urbe
1941 1703 2088 1796 expulit,

57 1803 207 1874 doleant
230 1805 299 1873 sibi
323 1805 412 1876 alios
434 1805 622 1892 anteferri,
647 1817 681 1874 et
698 1803 799 1898 qnasi
817 1801 950 1894 gloriae
968 1827 1052 1874 snae
1102 1799 1304 1896 Ephialtem
1326 1805 1432 1876 etiarn
1458 1805 1542 1876 dolo
1565 1827 1705 1876 necasse
1724 1803 1901 1877 scribitur.
1950 1799 2087 1876 Contra

57 1905 302 1980 circumfundi
326 1909 510 1993 tenebras,
551 1907 676 1980 tollere
697 1905 781 1978 illos
805 1929 825 1976 e
848 1904 967 1976 medio
990 1929 1053 1977 co-
1102 1905 1238 1978 laudati
1260 1919 1342 1978 sunt
1365 1902 1644 1994 Themistocles,
1678 1901 1871 1990 Aristides,
1902 1901 2087 1992 Camillus,

57 2020 210 2082 uantur.
1103 2005 1255 2090 Fabius,
1279 2007 1421 2101 Scipio,
1452 2011 1549 2103 quod
1573 2009 1749 2079 sociomm
1772 2005 1959 2078 ambitioni
1976 2029 2088 2077 cesse-

165 2105 210 2177 ln
227 2103 462 2200 Achitophel,
486 2109 524 2180 in
550 2107 710 2195 Semeia,
740 2105 880 2179 etiamsi
902 2105 972 2200 ipsi
995 2133 1052 2180 re·
1103 2124 1207 2192 runt,
1237 2123 1272 2180 et
1291 2110 1441 2180 iniurias
1464 2135 1483 2179 a
1509 2111 1645 2181 civibus
1668 2123 1825 2200 acceptas
1844 2107 1981 2202 placide
1996 2110 2088 2180 tule-

57 2231 172 2302 gnum
195 2233 260 2280 nec
283 2227 445 2302 sperant,
477 2223 749 2304 necappetunt,
778 2225 897 2282 tamen
914 2211 1052 2282 aliisde
1104 2227 1199 2284 runt.
1263 2207 1310 2282 Et
1334 2213 1521 2282 universae
1553 2211 1704 2282 civitatis
1725 2208 1864 2283 Atticae
1889 2209 2087 2296 moderatio

58 2311 196 2382 caussis
216 2309 347 2382 iniusta
372 2313 455 2384 odia
470 2337 614 2384 aceensa
628 2327 728 2398 sunt,
753 2313 883 2406 quibus
899 2312 1052 2384 incitau·
1104 2315 1237 2404 profuit
1260 2314 1325 2384 toti
1348 2312 1536 2402 Graeciae,
1569 2315 1662 2408 quod
1689 2313 1844 2404 primum
1866 2314 1910 2382 ad
1929 2305 2088 2384 Artemi-

57 2427 137 2493 tam,
168 2427 210 2486 ut
240 2427 420 2500 ruentem,
453 2429 626 2510 quantum
655 2427 822 2506 possunt,
853 2413 1052 2506 impellant.
1103 2417 1194 2484 sium
1240 2413 1342 2486 cessit
1386 2439 1560 2484 summam
1602 2415 1743 2506 imperii
1781 2411 2088 2484 Lacedaemoniis:

57 2511 261 2608 Utriusque
280 2515 418 2606 generis
435 2518 592 2610 exempla
607 2541 774 2588 nonrara
789 2517 1052 2590 suntomnibus
1104 2513 1241 2588 Deinde
1265 2521 1307 2586 ad
1327 2515 1482 2603 Plateas,
1517 2541 1596 2586 cum
1614 2513 1770 2588 Arcades
1795 2515 1912 2586 lucram
1930 2515 2086 2606 priorem

58 2617 298 2708 temporibus.
471 2626 475 2634 '
1104 2621 1173 2690 sihi
1204 2619 1313 2690 tribui
1345 2631 1521 2710 peterent,
1558 2620 1818 2709 responderunt
1842 2613 2088 2688 Athenienses.

168 2713 244 2806 Qui
265 2718 373 2808 igitur
392 2712 523 2792 borum
545 2721 734 2794 affectuum
757 2717 983 2802 ambitionis,
1018 2733 1054 2792 ct
1103 2720 1186 2792 Non
1218 2716 1286 2791 hoc
1319 2734 1476 2812 tempore
1508 2723 1551 2790 de
1577 2721 1655 2790 loco
1682 2719 1871 2789 seditiones
1896 2720 2088 2790 movendas

57 2820 134 2890 odii
158 2819 320 2890 flammas
341 2845 415 2890 non
435 2823 579 2894 student
599 2823 837 2912 restinguere,
864 2815 902 2890 hi
918 2833 1000 2892 vota
1017 2834 1053 2892 et
1104 2845 1195 2908 esse,
1228 2824 1287 2892 sed
1310 2823 1514 2914 ubicunque
1536 2823 1814 2905 collocarentur,
1837 2845 1874 2890 se
1894 2819 2090 2890 annixuros

58 2921 217 3012 gemitus
242 2921 306 2990 filii
322 2921 386 2992 Dei
409 2918 576 2995 horribili
597 2927 716 2996 fatrore
733 2936 987 3016 aspernantur,
1011 2945 1052 2994 ec
1104 2947 1196 3002 esse,
1228 2939 1268 2993 ut
1288 2923 1353 2992 viri
1372 2925 1458 2992 boni
1481 2937 1615 3007 essent,
1639 2916 1760 3016 πάντη
1782 2917 1998 3020 τεταγμένοι
2011 2946 2090 2992 πει-

57 3024 274 3114 procedunt.
303 3023 442 3096 Deinde
460 3028 504 3096 ad
521 3023 584 3098 has
598 3025 803 3099 tribunitiae
816 3038 919 3106 artes,
944 3047 1053 3118 quae·
1104 3017 1298 3119 ρησόμεθᾳ
1320 3019 1413 3096 εἶναι
1436 3021 1603 3118 χρηστοὶ.
1661 3021 1708 3096 Ει
1731 3039 1814 3095 nota
1839 3040 1889 3095 est
1907 3039 2007 3094 vetus
2025 3026 2089 3094 ad-

57 3139 149 3194 runt
174 3148 312 3194 caussas
333 3127 560 3218 plausibiles,
592 3144 633 3200 ut
656 3129 742 3196 olim
767 3139 868 3198 crant
884 3121 1054 3215 Agrariae
1104 3127 1254 3196 monitio
1270 3130 1314 3195 de
1329 3125 1579 3221 Syncretismo.

56 3227 175 3316 leges,
209 3239 243 3296 et
266 3251 379 3298 novae
402 3231 563 3318 tabulae,
595 3231 736 3319 fingunt
759 3228 975 3314 calumnias,
999 3251 1055 3298 se·
1208 3227 1343 3298 lllultos
1370 3243 1485 3298 autem
1515 3229 1669 3296 vidimus
1690 3223 1747 3298 his
1773 3227 1900 3316 viginti
1924 3227 2027 3298 annis
2051 3227 2088 3298 in
2172 3224 2181 3232 ’

56 3342 149 3398 runt
164 3327 393 3418 suspiciones,
420 3331 875 3415 muniuntsefactionibus,
900 3343 935 3402 et
946 3331 1055 3400 variis
1104 3325 1272 3400 Ecclesiis
1295 3331 1441 3410 nostris,
1472 3331 1533 3424 qni
1556 3329 1694 3400 omissis
1716 3329 1964 3400 communibus
1976 3323 2090 3402 hosti-

57 3442 198 3500 acuunt
214 3433 418 3502 rumoribus
439 3434 527 3519 iras,
550 3449 665 3504 astute
686 3445 720 3502 et
735 3433 827 3523 ipsas
841 3454 981 3502 caussas
996 3455 1056 3502 ar·
1106 3433 1191 3516 bus,
1227 3433 1364 3524 privato
1389 3433 1514 3502 affectu
1537 3434 1575 3500 in
1598 3433 1765 3522 collegas,
1790 3445 1823 3502 et
1840 3431 1983 3523 quidem
2001 3429 2091 3498 ami-

57 3543 186 3614 mant,
212 3543 248 3600 et
271 3529 481 3628 sophistica,
508 3552 544 3607 et
558 3534 725 3608 Pericleis
746 3533 959 3606 fulminibus
975 3557 1055 3603 ver·
1107 3557 1186 3616 cos,
1218 3558 1344 3622 magna
1367 3535 1778 3620 acerbitateanimorum
1802 3531 1983 3622 impetum·
1997 3533 2090 3600 fece-

56 3635 209 3704 borum.
1106 3649 1201 3706 ratast.
1257 3633 1306 3704 lta
1333 3635 1429 3706 velut
1445 3634 1613 3707 Cadmaci
1634 3636 1758 3703 fratres
1780 3634 1875 3702 inter
1888 3657 1954 3702 nos
1970 3632 2093 3704 infeli-

166 3729 277 3804 Extat
297 3731 389 3804 liber
403 3733 518 3806 editus
532 3748 613 3806 ante
630 3735 919 3832 quinquennium
936 3734 1055 3806 diver·
1107 3737 1193 3806 citer
1216 3738 1434 3806 dimicamus.
1503 3736 1583 3824 Qua
1608 3735 1645 3803 in
1668 3760 1707 3804 re
1727 3735 1881 3825 primum
1908 3749 2092 3828 praecepta

57 3837 108 3908 sis
135 3834 306 3920 inlotis,
340 3837 385 3906 de
402 3835 613 3927 Magistratu
630 3839 795 3929 politico,
819 3839 896 3908 sine
910 3837 1056 3910 nomine
1107 3839 1228 3909 divina
1251 3839 1293 3908 de
1317 3837 1506 3908 concordia
1526 3837 1781 3907 consideranda
1802 3851 1918 3906 erant:
1952 3835 2117 3908 Deinde·

57 3937 221 4022 autoris,
257 3960 460 4032 quanquam
481 3939 683 4029 arrogantia
705 3954 865 4012 autorem
890 3941 1056 4013 ostendit.
1108 3955 1142 4012 et
1163 3939 1404 4014 misericordia
1420 3935 1598 4010 Ecclesiae
1615 3939 1749 4010 moveri
1768 3963 1834 4008 nos
1848 3962 1970 4010 omnes
1985 3961 2093 4028 opor-

57 4037 186 4112 Huius
210 4038 296 4108 libri
310 4035 509 4112 Exordium
534 4053 587 4110 est
604 4035 690 4112 hoc:
722 4035 910 4140 Quotquot
931 4034 1057 4112 hacte—
1107 4041 1194 4122 tuit,
1227 4067 1316 4135 quae
1339 4056 1391 4112 est
1412 4041 1568 4112 saucium
1595 4055 1631 4112 et
1654 4065 1796 4132 aegrum
1819 4063 1966 4131 corpus,
1992 4039 2093 4110 cuius

56 4165 137 4214 nus
166 4137 391 4238 scripserunt
419 4137 463 4212 de
485 4137 802 4236 Magistratibus,
840 4165 964 4213 omnes
990 4150 1056 4212 ant
1107 4145 1253 4214 vulnera
1285 4143 1415 4234 magis,
1456 4144 1512 4214 vel
1553 4143 1693 4236 privato
1723 4143 1828 4226 odio,
1869 4141 1924 4210 vel
1956 4141 2093 4232 ingenii

57 4237 171 4316 nihil
199 4237 443 4324 intellexisse,
483 4252 550 4312 aut
582 4243 736 4343 turpiter
754 4253 961 4315 assentatus
983 4267 1057 4316 esse
1108 4246 1342 4318 ostentatione
1357 4247 1530 4329 lacerare,
1553 4268 1679 4335 magna
1698 4243 1886 4314 crudelitas
1904 4255 1965 4316 est.
2075 4329 2078 4338 .

56 4341 319 4441 Principibus.
384 4343 474 4416 Tale
495 4341 692 4418 Exordium
717 4349 762 4418 ad
784 4349 956 4440 populum
982 4371 1057 4418 non
1210 4345 1376 4437 Pingitur
1399 4345 1557 4418 Ecclesia
1584 4348 1622 4416 in
1648 4345 1782 4418 viatore
1806 4345 1935 4414 saucio.
1985 4340 2093 4432 Htrnc

58 4463 209 4518 tantum
236 4446 419 4516 classicum
442 4460 511 4532 est,
537 4450 598 4518 scd
620 4449 726 4541 plane
747 4464 853 4541 caput
867 4446 1058 4538 Gorgonis,
1109 4447 1352 4522 Samaritanus
1373 4449 1529 4518 molliter
1548 4443 1646 4517 vehit
1666 4447 1704 4516 in
1729 4447 1986 4530 diversorium,
2018 4467 2093 4514 non

58 4575 140 4646 quo
154 4561 342 4640 conspecto
358 4563 546 4620 vertuntur
558 4551 665 4622 multi
679 4550 719 4620 in
734 4551 905 4644 scopulos.
955 4549 1057 4624 Reli·
1110 4552 1147 4620 in
1174 4551 1434 4634 carnificinam,
1468 4564 1529 4619 aut
1552 4550 1591 4618 in
1615 4548 1795 4640 latomias,
1822 4561 1856 4618 et
1881 4547 2094 4617 eutaricum

59 4652 131 4746 qui
154 4649 275 4741 operis
298 4672 435 4720 summa
459 4663 513 4720 est
538 4651 662 4733 stulta,
693 4651 800 4738 falsa,
824 4675 865 4722 ac
880 4651 1057 4725 seditiosa.
1109 4653 1218 4728 iubet.
1270 4648 1323 4722 Ac
1337 4653 1430 4722 filius
1445 4649 1512 4722 Dei
1526 4651 1600 4744 ipse
1614 4650 1747 4744 inquit,
1770 4674 1807 4720 se
1823 4663 1956 4742 gestare
1969 4641 2095 4718 Ecclc-
2194 4733 2200 4742 ι

60 4755 121 4826 Ac
137 4773 279 4845 possem
297 4753 408 4822 multa
426 4753 583 4845 exempla
599 4775 887 4828 commemorare.
1110 4756 1214 4838 siam,
1247 4767 1287 4824 ut
1310 4769 1428 4844 pastor
1452 4755 1490 4823 in
1512 4755 1646 4845 gremio
1668 4751 1816 4823 tenellos
1839 4773 1948 4842 agnos
1973 4773 2095 4820 recens

170 4850 265 4924 Cum
296 4853 407 4943 igitur
435 4855 669 4926 maximarum
697 4855 987 4928 dilacerationum
1019 4855 1059 4926 in
1110 4857 1223 4928 editos
1242 4869 1364 4946 gestat.

58 4955 241 5040 Ecclesia,
266 4967 301 5024 et
316 4955 356 5024 in
372 4955 529 5048 imperiis
545 4979 687 5030 caussae
701 4955 788 5041 sint,
811 4951 852 5026 hi
867 4959 958 5028 caeci
973 4957 1059 5028 affe-
1211 4956 1289 5028 Hoc
1323 4959 1481 5050 exemplo
1513 4971 1547 5030 et
1574 4979 1661 5040 nos,
1695 4967 1866 5048 quantum
1896 4975 2095 5048 possumus,

61 5074 166 5142 ctus,
193 5055 362 5140 ambitio,
384 5057 587 5144 etodium,
611 5083 651 5129 ac
674 5057 849 5128 vindictae
876 5060 1061 5151 cupiditas,
1112 5073 1230 5138 coetus
1252 5074 1410 5146 nostros,
1441 5083 1593 5152 quorum
1614 5057 1769 5148 profecto
1784 5079 1909 5145 magna
1927 5071 1978 5127 est
1994 5057 2096 5125 intir-

60 5161 224 5254 opponit
252 5157 303 5227 eis
331 5159 426 5229 filius
448 5157 516 5230 Dei
539 5155 633 5230 banc
655 5161 897 5248 gravissimam
919 5161 1060 5244 concio-
1112 5163 1443 5246 mitas,foveam11s,
1470 5175 1504 5230 et
1527 5159 1790 5240 consociemus,
1817 5171 1851 5226 et
1874 5157 2097 5228 coniunctio·

64 5289 170 5332 nem:
206 5255 355 5330 Discite
376 5279 487 5346 ame,
513 5258 601 5358 quio
616 5259 718 5330 mitis
734 5283 835 5346 snm,
859 5269 891 5331 et
906 5253 1061 5339 humilis
1113 5289 1194 5334 nem
1217 5277 1373 5332 nostram
1395 5263 1561 5331 omnihus
1582 5261 1651 5352 piis
1670 5259 1795 5329 officiis
1825 5272 1998 5330 tueamur.
2049 5253 2098 5329 Et

66 5358 190 5434 corde.
255 5359 352 5433 Huic
381 5363 460 5434 voci
486 5363 550 5434 filii
576 5359 645 5434 Dei
667 5365 966 5457 obtemperemus,
997 5389 1063 5440 nec
1114 5367 1223 5437 simus
1252 5387 1423 5454 memores
1453 5363 1673 5455 ‹ltalcissimae
1703 5357 1902 5446 concionis,
1937 5384 2027 5454 quae
2060 5359 2101 5430 in

1400 5459 1485 5538 85·
