4714 5832
782 175 1218 258 ttttsTouAttUtt

1038 352 1211 478 Q

221 187 302 274 Μ

222 347 417 484 Q.

503 549 613 664 cpe.
646 547 943 640 Stathmioni.

290 713 377 789 epac
392 709 440 768 u.
453 707 489 766 u
506 707 606 783 peso.
626 705 703 778 (ute
717 707 810 765 cona.
828 706 876 766 uu
889 707 924 768 u.
941 725 983 782 ep.
995 705 1078 780 uo).

351 865 407 948 D.
434 859 775 964 christophoro
800 859 1095 940 Statdmioni

226 1005 275 1096 S.
299 1021 346 1100 D.
396 1017 471 1092 Tot
493 1017 650 1089 vidimus
666 1011 734 1089 boc
750 1017 936 1110 septennio
952 1019 1067 1090 tristia
1082 1033 1219 1114 specta-

226 1127 306 1202 cula
327 1126 368 1198 in
388 1121 493 1196 bellis
513 1119 698 1205 civilibus,
723 1119 843 1211 pulsos
857 1117 1059 1214 Principes,
1086 1116 1215 1194 exhau-

227 1243 299 1303 stas
329 1226 455 1309 urbes,
486 1221 601 1293 deleta
632 1221 781 1314 oppida,
819 1245 917 1293 nunc
950 1223 1058 1294 etiam
1080 1223 1121 1294 in
1147 1247 1218 1296 una

225 1351 347 1426 pugna
370 1325 516 1397 amissos
538 1335 692 1418 quatuor
710 1319 894 1416 Principes
909 1318 965 1421 *),
1003 1339 1039 1398 et
1065 1339 1219 1420 quatuor

227 1431 391 1516 comites,
423 1439 459 1498 et
481 1425 571 1498 alios
594 1425 726 1496 multos
746 1425 842 1494 viros
864 1427 984 1498 sortes.
1033 1425 1082 1498 Et
1100 1441 1219 1498 tamen

226 1533 334 1606 multi
364 1553 458 1600 nova
490 1527 585 1598 bella
610 1529 801 1597 accendere
826 1528 987 1620 cupiunt.
1045 1523 1220 1600 Alteram

227 1625 407 1710 Mutatio
421 1625 658 1724 Brunsvigae
680 1642 746 1715 est,
778 1641 813 1698 et
829 1653 953 1700 rursus
969 1631 1106 1721 colligit
1120 1655 1219 1702 exer-

228 1737 357 1818 citum,
389 1733 521 1804 vulnus
544 1731 686 1801 nullum
709 1729 857 1822 accepit,
881 1753 965 1800 nam
989 1733 1059 1804 cito
1072 1733 1164 1824 sugit
1178 1757 1219 1803 ex

228 1839 314 1913 acie.
364 1833 551 1926 Stipendia
575 1855 611 1900 se
630 1855 670 1902 ex
685 1833 814 1924 praeda
831 1835 1030 1904 solutnmm
1047 1859 1120 1905 esse
1133 1859 1219 1927 pro-

229 1940 325 2011 misit
339 1929 510 2032 Lipsioe.
548 1932 618 2004 Sed
633 1957 697 2002 oro
709 1931 843 2004 Filium
857 1933 924 2004 Dei
939 1936 1035 2028 pacis
1048 1951 1219 2017 autorem,

227 2054 270 2114 ut
282 2039 445 2111 restituat
459 2049 600 2106 nostrae
613 2027 839 2104 Germaniae
859 2059 998 2128 pacem,
1018 2062 1108 2132 quae
1123 2061 1219 2108 nuuc

229 2165 312 2212 vere
334 2152 387 2210 est
410 2131 600 2218 Almana,
634 2137 763 2221 idest,
804 2131 936 2222 vidua,
970 2139 1008 2207 id
1032 2140 1128 2210 enim
1151 2162 1220 2209 vox

229 2241 394 2322 Hebraea
407 2239 590 2329 significat.
633 2237 687 2312 De
701 2233 1002 2332 Ephemeridibus
1015 2243 1119 2312 valde
1133 2265 1219 2332 gau-

229 2347 297 2418 deo
327 2357 362 2414 te
392 2343 552 2413 animum
582 2339 734 2408 adiicere
765 2341 810 2409 ad
844 2341 1103 2412 instituendum
1129 2343 1218 2412 illud

230 2467 320 2539 opus
345 2457 379 2514 et
399 2457 559 2534 gratum,
585 2455 620 2510 et
642 2441 740 2512 utile.
790 2437 845 2510 Ea
869 2444 914 2512 de
936 2467 975 2512 re
992 2445 1145 2514 scribam
1161 2469 1222 2514 co-

230 2545 366 2642 piosius
386 2545 484 2619 alias.
537 2537 725 2610 Erasmus
740 2555 861 2612 noster
875 2545 1085 2634 promiserat
1098 2541 1221 2637 Ephe-

229 2647 402 2733 meridas,
428 2647 489 2718 sed
510 2639 604 2713 nibil
619 2643 822 2712 invenimus
838 2645 908 2712 nisi
925 2667 1054 2738 paucas
1068 2647 1221 2737 pagellas

230 2762 394 2821 motuum
424 2745 519 2820 Solis
553 2758 589 2814 et
612 2743 736 2814 Lunae
762 2743 899 2838 aliquot
923 2769 1111 2820 annorum.
1166 2745 1221 2816 De

231 2845 406 2949 Appiano
431 2847 539 2918 velim
560 2858 596 2916 te
617 2845 807 2930 sciscitari,
837 2869 885 2920 an
902 2845 1087 2942 reliquerit
1100 2843 1222 2940 Ephe-

230 2953 397 3024 meridas.
462 2947 594 3034 Filius,
624 2960 665 3018 ut
698 2947 823 3032 audio,
857 2949 959 3021 docet
988 2951 1066 3022 loco
1099 2951 1222 3044 patris.

231 3051 330 3125 Bene
344 3067 378 3124 et
391 3047 542 3122 feliciter
556 3047 646 3123 vale.
697 3045 872 3121 Postridie
890 3047 1139 3126 Bartolomaei.

230 3273 795 3293 *nn-..Wra-
1060 3277 1216 3292 m

244 3423 311 3498 No·
327 3419 442 3500 6458.

240 3521 452 3558 W

567 3619 629 3710 D.
656 3619 893 3740 Chytroeo.

299 3769 350 3856 (Er
367 3784 465 3844 David.
483 3781 610 3856 betcaei
627 3783 748 3854 epistolis
765 3803 792 3856 p.
809 3783 901 3852 tttt.)

1053 3437 1109 3502 26.
1123 3427 1210 3512 Aug.

1041 3519 1214 3550 Μ

501 3931 687 4009 Davtdi
710 3931 953 4034 Chytraeo.

233 4087 452 4172 Doctissime
465 4091 524 4162 vir
536 4103 572 4162 et
587 4091 704 4162 cariss.
721 4091 839 4160 frater.
890 4089 993 4163 Casta
1009 4092 1106 4164 Deus
1122 4119 1223 4167 mens

235 4212 304 4284 est,
328 4211 422 4268 casta
441 4195 519 4266 vult
538 4205 655 4263 mente
677 4192 808 4266 vocari.
856 4191 906 4264 Et
922 4195 1036 4265 sanxit
1053 4193 1151 4267 Deus
1164 4223 1223 4268 ca-

235 4301 388 4373 stitatem
414 4319 486 4367 esse
508 4291 578 4366 boc
595 4293 838 4368 dulcissimum
853 4296 997 4380 foedus,
1012 4298 1130 4368 'unius
1145 4323 1224 4370 ma-

235 4403 286 4474 ris
308 4414 342 4471 et
362 4399 471 4470 unius
491 4397 687 4482 foeminae,
712 4421 788 4468 non
802 4419 925 4488 vagam
940 4400 1002 4469 sed
1017 4415 1222 4492 perpetuam

236 4500 510 4596 copulationem.
573 4495 699 4568 Talem
726 4499 841 4570 voluit
869 4525 953 4572 mox
981 4501 1021 4571 in
1044 4503 1222 4575 creatione

234 4601 430 4678 Ecclesiam
467 4621 559 4683 esse,
598 4612 633 4669 et
663 4598 704 4668 in
731 4595 891 4672 Ecclesia
925 4617 1019 4675 casta
1050 4605 1222 4682 invocari.

1275 179 1491 262 ntasxu.
1544 187 1678 272 esse.
2187 210 2260 286 ue

1267 363 1380 426 strum
1409 353 1456 426 tit
1482 356 1641 432 faustum
1660 372 1695 434 ct
1715 361 1821 449 felix,
1863 363 1974 462 inque
1994 365 2073 444 Deo
2092 372 2143 444 cit
2165 395 2271 444 mem

1267 477 1359 542 una,
1385 455 1432 528 sit
1451 481 1545 532 unns
1567 484 1679 534 amor.
1737 461 1850 540 Plura
1871 470 2026 544 scribam
2050 467 2270 560 hisdiebus,

1268 569 1304 628 et
1325 557 1456 632 curabo
1471 555 1713 653 Epithalamia
1731 558 1768 664 *)
1787 572 1968 662 componi.
2018 572 2117 646 Bne
2136 577 2216 648 vale
2232 592 2270 648 et

1268 657 1373 730 nobis
1399 672 1538 754 tempus
1567 667 1659 738 sacri
1687 668 1859 760 nuptialis
1886 673 2056 766 significa.
2121 680 2181 750 die
2203 675 2268 754 25.

1268 754 1433 852 Augusti.
1470 763 1601 838 Socero
1620 781 1683 842 tuo
1701 769 1780 844 viro
1794 767 2046 851 honestissimo
2062 795 2269 854 revermter

1269 861 1420 935 salutem
1437 863 1547 940 dicito
1563 871 1653 942 meis
1665 873 1797 950 verbis.

2013 976 2216 1077 Philippus.

1576 1489 1644 1579 Io.
1673 1494 1955 1585 Mardoolse‘o.

1338 1645 1376 1703 Es
1389 1647 1433 1706 1ο.
1446 1651 1621 1710 Fauentiae.
1633 1653 1738 1714 necto.
1749 1678 1806 1716 sec.
1820 1659 1861 1717 16.
1873 1659 1968 1736 Suppl.
1987 1681 2014 1736 p·
2030 1661 2073 1720 tt.

1500 1805 1530 1880 I
1535 1806 2034 1992 ohannistlssardoedio

1270 2045 1486 2132 Reverende
1509 2065 1565 2136 vir
1589 2081 1624 2137 et
1646 2069 1824 2143 carissime
1846 2073 1966 2146 frater.
2032 2075 2124 2150 Tam
2156 2104 2269 2149 muta

1270 2161 1425 2232 vidimus
1447 2165 1562 2236 tristia
1583 2171 1741 2264 exempla
1765 2167 1834 2246 hoc
1856 2178 2059 2269 septennio,
2091 2179 2215 2270 pulsos
2235 2199 2271 2254 et

1272 2275 1392 2356 captos
1414 2261 1615 2360 Principes,
1649 2273 1818 2364 expilatae
1840 2277 2016 2364 civitates,
2050 2281 2165 2351 deleta
2193 2283 2270 2372 igni

1271 2365 1419 2457 oppida,
1452 2367 1656 2444 interlectos
1672 2372 1871 2470 Principes:
1898 2403 1964 2451 nec
1981 2395 2101 2452 tamen
2115 2383 2271 2454 flectun-

1270 2480 1330 2538 tur
1349 2468 1461 2537 animi
1480 2473 1526 2542 ad
1548 2472 1745 2544 faciendam
1766 2501 1899 2569 pacem.
1951 2480 1999 2554 Ut
2019 2496 2100 2576 post
2119 2481 2271 2575 Epami-

1271 2569 1413 2640 nondae
1439 2586 1589 2642 mortem
1619 2575 1669 2646 ait
1690 2575 1895 2670 Xenophon
1924 2582 1962 2652 in
1986 2581 2138 2656 Graecia
2159 2588 2271 2658 luisse

1272 2663 1447 2764 ἀκρισίαν
1473 2667 1537 2744 καὶ
1559 2670 1728 2770 ταραχὴν
1749 2681 1939 2752 maiorem:
1975 2685 2023 2756 ita
2048 2701 2130 2779 post
2153 2685 2271 2757 nostri

1271 2767 1382 2840 Ducis
1405 2771 1588 2844 interitum
1611 2801 1705 2848 nova
1726 2779 1822 2854 bella
1844 2781 1884 2852 in
1899 2777 1955 2854 bis
1971 2788 2179 2878 regionibus
2194 2813 2272 2857 me-

1272 2870 1416 2948 tuimus.
1472 2871 1656 2947 chricus
1676 2873 1961 2954 Brunsve'censis
1987 2905 2137 2986 occupat
2160 2885 2275 2958 En'ct'

1272 2971 1415 3064 oppida.
1466 2973 1605 3050 Interea
1621 2977 1787 3054 Marcbio
1803 2977 1977 3058 Albertus
1992 3013 2115 3066 rursus
2133 2991 2288 3082 colligit
2350 3071 2351 3076 ἵ

1273 3075 1482 3162 exercitum,
1522 3091 1559 3149 ct
1588 3079 1744 3153 minatur
1771 3087 1915 3160 atrocia.
1979 3089 2084 3161 Nunc
2107 3084 2270 3188 Lipsiae

1187 3181 1191 3188 ’
1275 3177 1479 3246 Conventus
1511 3192 1580 3260 est,
1617 3181 1682 3252 ubi
1713 3187 1805 3276 regis
1829 3183 1978 3260 Daniel
2010 3207 2044 3262 et
2068 3195 2269 3266 multorum

1134 3340 1140 3350 ,
1272 3273 1482 3370 Principum
1504 3280 1611 3371 legati
1624 3285 1669 3353 de
1683 3308 1768 3376 pace
1782 3304 1894 3378 agunt
1909 3285 1982 3388 ”).
2050 3289 2131 3366 Oro
2147 3309 2270 3366 autem

1273 3375 1406 3448 Filium
1423 3377 1509 3468 Ilei,
1534 3381 1732 3457 Dominum
1756 3403 1919 3462 nostrum
1939 3391 2055 3465 lesum
2070 3391 2274 3480 Christum,

1273 3492 1313 3550 ut
1329 3503 1461 3571 poenas
1476 3483 1605 3570 leniat,
1634 3511 1722 3582 quas
1740 3515 1821 3562 cum
1838 3495 1962 3564 multis
1974 3497 2054 3566 aliis
2074 3499 2269 3570 sceleribus
2350 3585 2351 3604 χ

1273 3604 1395 3651 omnes
1408 3596 1638 3674 attraxemnt,
1662 3603 1738 3660 tum
1752 3617 1836 3663 vero
1851 3589 1968 3667 hostes
1980 3593 2167 3689 Evangelii
2181 3603 2270 3672 odio

1272 3683 1447 3770 veritatis,
1488 3687 1551 3756 alii
1579 3712 1663 3760 vero
1687 3689 1860 3764 libertatis
1883 3697 1995 3770 abusu
2019 3713 2054 3769 et
2075 3699 2272 3794 multiplici

1272 3785 1477 3875 petulantia.
1504 3841 1507 3846 -
1534 3787 1574 3862 Si
1597 3813 1802 3882 progressus
1825 3795 1992 3869 fueritin
2017 3795 2081 3872 bas
2104 3803 2272 3892 regiones

1271 3881 1465 3969 Albertus,
1483 3884 1622 3961 lrnrsus
1644 3895 1882 3982 exulabimus,
1921 3901 1993 3970 nisi
2012 3903 2100 3972 belli
2120 3907 2272 3976 saevitia

1272 3987 1528 4080 opprimamur.
1578 3991 1686 4082 Quod
1706 3995 1765 4088 pie
1783 3997 1874 4070 filias
1890 3993 2091 4073 Francisci
2103 3999 2272 4102 Dryan-

1272 4083 1336 4158 dn·
1347 4092 1479 4162 nutriri
1493 4107 1527 4165 et
1540 4095 1684 4166 educari
1699 4101 1840 4184 curatis,
1864 4099 1941 4172 Deo
1955 4119 2094 4195 gratum
2109 4107 2272 4179 officium

1272 4203 1341 4261 est:
1377 4205 1413 4264 et
1436 4193 1504 4263 tibi
1528 4197 1677 4286 gratiam
1701 4195 1833 4284 babeo,
1867 4207 1963 4297 quod
1988 4207 2025 4276 id
2047 4201 2140 4276 mibi
2154 4207 2272 4300 signi-

1272 4292 1398 4362 ficasti:
1424 4293 1559 4388 ubique
1584 4321 1641 4368 eas
1655 4303 1878 4377 commendo.
1931 4303 1970 4378 Si
1990 4303 2081 4378 mibi
2097 4307 2165 4379 crit
2179 4335 2271 4382 exu-

1271 4393 1438 4480 landum,
1465 4399 1627 4468 accedam
1645 4401 1691 4469 ad
1709 4421 1789 4483 vos,
1815 4417 1857 4475 nt
1872 4407 1917 4476 de
1931 4409 2054 4479 multis
2067 4411 2174 4482 rebus
2191 4415 2272 4484 col-

1272 4495 1471 4588 loquamur.
1521 4493 1728 4572 Stancarus
1748 4503 1865 4575 furere
1883 4533 1958 4577 nou
1975 4511 2116 4586 desinit.
2166 4511 2271 4585 Peti-

1273 4597 1324 4668 vit
1338 4619 1358 4668 a
1371 4623 1428 4670 me
1442 4593 1595 4672 Elector
1607 4597 1807 4690 Manlio,
1832 4623 1872 4678 ut
1886 4609 1931 4678 de
1946 4612 2160 4704 quibusdam
2177 4639 2270 4686 con-

235 4705 356 4798 Quare
377 4717 494 4775 tecum
515 4701 645 4792 gratias
664 4721 730 4789 ago
744 4699 843 4787 Deo,
866 4705 963 4796 qnod
978 4729 1141 4798 sponsam
1155 4709 1223 4779 tibi
1271 4701 1464 4786 tmversiis,
1489 4700 1712 4777 aSloncoro
1726 4705 1843 4789 motis,
1869 4715 2131 4806 responderem.
2166 4719 2269 4789 lnter

235 4811 339 4902 piam.
369 4820 406 4879 et
436 4799 620 4874 honestam
653 4802 835 4888 adiunxit,
874 4819 909 4873 et
942 4807 1125 4877 vobiscum
1156 4833 1222 4881 om
1271 4813 1406 4871 caetera
1422 4808 1623 4888 contendit,
1651 4801 1833 4881 Christum
1848 4833 1922 4882 esse
1937 4817 2167 4886 mediatorem
2183 4833 2270 4890 tan-

235 4909 374 4994 Deum,
406 4907 626 4978 conditorem
648 4904 785 4996 generis
807 4899 955 4974 humani
976 4919 1011 4976 et
1025 4909 1223 4980 dulcissimi

302 5285 466 5410 Pbilpppm,
488 5284 624 5347 interlecti
645 5295 708 5342 sont
719 5285 748 5341 in
761 5285 866 5359 praelio
878 5287 905 5344 d.
917 5287 945 5346 6.
955 5285 1036 5360 letti,
1056 5306 1145 5364 prope
1158 5291 1220 5352 ste·

298 5373 317 5414 v
319 5373 471 5414 cccccccc

1272 4913 1349 4972 tum
1363 4907 1556 4976 secuudum
1569 4903 1761 4979 humanam
1776 4926 1953 4994 naturam.
2000 4910 2270 5014 Responsionis

100 5017 108 5024 '
234 5011 389 5086 foederis
411 5007 620 5100 coniugum,
651 5019 693 5077 ut
715 5005 839 5092 iaciat,
871 5019 912 5078 ut
934 5008 1140 5100 coniugium
1160 5035 1221 5082 vc-
1270 5023 1368 5072 meae
1389 5001 1878 5098 exemplum'vobis'mittam.
1946 5013 2052 5089 Nunc
2074 5021 2177 5092 mitto
2201 5019 2269 5093 bas

1270 5105 1444 5195 recellas,
1469 5133 1557 5203 quas
1573 5113 1696 5182 adam
1711 5109 1795 5186 huic
1809 5119 1987 5210 epistolae.

267 5215 582 5288 nuenarianam
602 5213 784 5272 atttuenea
803 5215 1027 5288 affigam,
1058 5221 1173 5278 emh,
1194 5232 1222 5280 a
1275 5227 1345 5236 -.-.
1693 5227 1698 5235 ,

1352 5227 1483 5240 *ran-—

1303 5278 1333 5350 ο
1352 5281 1414 5338 vta.
1428 5281 1497 5340 raet.
1511 5250 1596 5358 ept'p.
1614 5304 1644 5360 p.
1656 5287 1699 5344 tt.
2056 5335 2059 5342 .

1305 5361 1354 5436 ¹3¹²)
1378 5363 1442 5422 tit.
1457 5367 1579 5444 Slciuden.
1595 5369 1695 5442 μβῦἓ.
1713 5369 1778 5431 tute
1788 5371 1836 5449 illc
1848 5387 1999 5436 unteotm
2010 5379 2037 5438 d.
2044 5380 2089 5440 20.
2098 5382 2171 5454 ΑΜ·
2185 5389 2269 5448 1558.
