4688 5816
245 231 330 308 ἰιι
814 215 1245 298 nrrsrouanuu
1300 215 1409 295 ura
1443 219 1528 302 ιιι
1588 217 1724 300 raas.
2220 223 2292 302 aro

255 428 397 502 cunque
415 399 589 474 iudicabis
610 411 699 494 opus
724 421 810 470 esse.
865 386 1139 494 Εὐλοιδόρητον
1164 387 1243 468 ἐστὶ
1294 385 1423 480 aalma,
1448 409 1489 468 nt
1511 390 1771 472 Demosthenes
1793 397 1975 487 nominat,
2000 413 2041 472 tn
2065 423 2209 496 quoqne
2229 399 2284 470 di-

256 511 381 604 σχῆμα
396 508 465 578 τοῦ
480 499 596 588 ξένου.
649 500 769 592 Quare
786 525 866 572 enm
883 499 1044 570 monebis
1067 513 1102 570 et
1126 497 1243 570 cousi·
1294 495 1421 567 dicisti.
1472 495 1543 569 Sed
1560 499 1590 568 si
1606 499 1805 572 doctrinam
1822 503 1975 574 aliorum
1990 503 2187 594 improbat,
2203 527 2285 572 cen·

253 611 304 682 lio
320 628 429 701 reges.
471 606 612 698 Quaeso
628 605 733 676 etiam
746 617 788 696 ut
803 600 907 674 initio
926 601 1153 672 oeconomiae
1167 600 1243 670 eius
1291 621 1353 668 seo
1371 603 1570 670 vocandum
1594 625 1669 674 esse
1693 607 1743 672 ad*
1761 599 1848 688 hos,
1874 604 1937 698 qui
1953 619 2141 697 praesunt,
2167 618 2203 674 et
2228 605 2284 674 di-

254 737 358 806 opcm
374 711 505 784 ieratis.
1293 704 1445 770 rendum
1469 702 1518 784 ei,
1550 717 1590 772 nt
1613 727 1634 774 a
1655 706 1906 775 communione
1928 711 1999 778 τοῦ
2023 699 2198 798 σώματος
2219 701 2283 776 καὶ

355 811 482 884 Nostra
500 805 724 894 adhortatio,
748 831 854 901 qrram
875 805 932 876 edi
955 801 1099 875 voluisti
1121 799 1240 872 addita
1293 800 1450 892 αἵματος
1465 803 1504 872 in
1520 828 1558 873 ea
1571 801 1728 876 Ecclesia
1747 807 1940 892 abstineat,
1965 809 2066 878 cuius
2080 809 2282 878 doctrinam

252 930 305 988 est
327 915 467 1000 lihello,
493 935 583 1007 quae
605 911 635 980 si
659 911 724 982 tibi
740 908 912 1002 placebit,
936 907 1057 978 minut
1078 929 1134 974 me
1156 927 1241 994 poc-
1293 927 1367 972 non
1395 905 1535 994 probat.
1594 905 1684 976 Nam
1712 910 1917 980 communio
1951 910 2197 980 testimonium
2231 923 2285 980 est

252 1018 342 1088 nitet
365 1015 541 1087 editionis.
592 1009 695 1084 Certe
723 1007 808 1080 haec
829 1010 994 1080 voluntas
1017 1031 1092 1102 mea
1117 1019 1171 1076 est
1196 1006 1240 1074 cle
1293 1027 1495 1078 consensus.
1546 1003 1824 1099 Opinorantem
1841 1011 1994 1101 pagellas
2016 1005 2284 1080 measloacisi-

180 1139 184 1156 ·
251 1119 394 1214 publica
429 1115 627 1188 concordia.
695 1113 809 1186 Senex
839 1105 1044 1182 Palatinus
1083 1119 1118 1178 et
1157 1103 1241 1204 Dur
1293 1130 1391 1176 mam
1416 1107 1482 1178 tibi
1507 1109 1696 1180 missurum
1719 1135 1809 1196 csse,
1833 1116 1878 1182 de
1897 1113 2028 1205 quibus
2044 1135 2125 1197 vos,
2152 1113 2284 1207 quibus

260 1213 604 1312 Wrtcnbcrgcnsis
627 1215 665 1284 in
681 1227 859 1286 conventu
876 1205 1131 1286 Nassavicnsi
1151 1207 1241 1302 peti·
1293 1209 1474 1298 negotium
1489 1211 1617 1280 melius
1630 1226 1755 1284 notum
1772 1227 1842 1298 est,
1868 1214 2081 1287 iudicabitis.

252 1336 383 1394 verunt
397 1323 488 1413 apud
508 1321 639 1408 legatos
653 1319 814 1388 omnium
832 1315 1005 1385 Saxoniae
1021 1311 1181 1392 Ducum,
1200 1322 1241 1380 ut
1384 1317 1387 1324 ’

252 1437 416 1496 curarent
443 1420 630 1493 convocari
655 1420 861 1512 praecipuos
878 1413 1049 1487 Doctores
1064 1411 1241 1484 Ecclesia-

252 1550 331 1597 rum
351 1527 388 1594 in
406 1519 472 1594 hac
489 1521 703 1593 Germaniae
720 1545 802 1599 ora,
829 1541 864 1587 sc
880 1531 1063 1587 curaturos
1086 1527 1126 1584 ut
1140 1513 1242 1581 veni-

251 1625 334 1699 rent
352 1641 384 1696 et
402 1627 455 1695 illi
477 1625 513 1693 in
534 1625 640 1692 altera
662 1619 874 1692 Germaniae
889 1644 970 1702 ora,
996 1633 1036 1688 nt
1053 1619 1096 1685 de
1119 1615 1242 1684 multis

251 1733 358 1800 rebus
376 1729 651 1808 deliberaretur,
675 1741 757 1794 autc
774 1718 1068 1810 Ratisponensem
1084 1741 1239 1786 conven-

253 1846 341 1905 tum.
394 1827 589 1902 suaderem
615 1827 707 1898 idern
726 1827 756 1894 si
778 1825 863 1895 tales
881 1821 1132 1904 convenirent,
1154 1843 1242 1912 qua·

252 1931 303 2006 les
329 1931 369 2001 in
391 1933 452 2002 illa
473 1943 593 2000 nostra
615 1929 776 1998 oratione
791 1925 981 1996 convenire
997 1935 1092 2016 opto.
1144 1917 1242 1990 Bene
1290 1915 1293 1922 ’

252 2033 558 2106 valeetrescribe.
610 2029 673 2102 28.
693 2021 912 2120 Novemb.²)
1306 2061 1376 2134 No·
1400 2059 1513 2134 5832

992 2123 1192 2220 Philippus.
1282 2161 1514 2198 mem

1394 1373 1493 1448 Bene
1513 1391 1547 1450 ct
1569 1377 1719 1452 feliciter
1740 1381 1830 1456 vale.
1887 1379 1956 1452 Die
1982 1379 2044 1456 29.
2068 1381 2283 1460 Novembris

1296 1473 1444 1574 (asse).

2033 1666 2238 1768 Philippus.

274 2285 1237 2364 W
1642 2263 1693 2351 V.
1725 2265 1943 2354 Hcckcro.

226 2465 319 2566 'Nn
332 2488 444 2561 5801.
1096 2483 1244 2556 Moy·
1363 2419 1586 2493 issnronin
1602 2419 1767 2478 coena..
1785 2424 1938 2484 o.u.sr·.

259 2585 424 2618 w·-
1064 2575 1238 2607 Μ
1324 2573 1585 2652 Valentino
1608 2575 1796 2666 Hester,
1820 2575 1975 2654 Pastori
2003 2581 2195 2662 Ecclesiae
2220 2591 2259 2662 in

654 2681 836 2770 Eidem.
1647 2673 1943 2784 Schwihoscn‘).

324 2852 362 2906 Er
382 2846 550 2920 autographo
568 2847 636 2901 edita
654 2845 683 2898 io
702 2843 837 2902 Strobelii
852 2843 1000 2914 bratteam
1020 2855 1066 2912 ιιι
1085 2839 1189 2898 tlterot.
1208 2835 1243 2890 ll.
1297 2814 1346 2904 S,
1372 2831 1419 2908 D,
1471 2831 1682 2905 Reverende
1703 2835 1760 2904 vir
1781 2849 1815 2908 et
1835 2838 1954 2915 caries,
1976 2841 2097 2918 frater·
2151 2845 2285 2919 Versu,

357 2939 383 2992 P·
404 2920 462 2972 ¹⁴⁴·
1296 2949 1348 3054 est
1368 2936 1593 3006 dulcissimus
1617 2931 1824 3027 Sophoclis,
1856 2941 1919 3034 qni
1949 2947 2185 3018 constantiam
2208 2964 2284 3020 tum

253 3095 310 3172 D,
348 3093 635 3186 Hieronymo
668 3083 1037 3182 Bomgartncro,
1069 3076 1248 3153 Senatori
1297 3037 2049 3216 ἰὲυῗξῑῑθΐῑθἒᾚῖῖῗέἰῖιξζῗὲζθωῗῗῑω
2072 3049 2110 3116 in
2123 3052 2283 3220 ‘aufidii'

638 3183 898 3356 Nmmb‘rf'·
1064 3333 1074 3351 ι
1120 3331 1130 3352 ⁸
1297 3265 1385 3312 esse:
1425 3163 1528 3312 ὲπῗν
1558 3235 1603 3314 τὸ
1630 3238 1798 3336 χρηστὸν
1829 3169 2033 3342 rhimiainis
2048 3165 2121 3344 ligii
2137 3175 2283 3348 Ἓξ

254 3332 303 3424 S·
328 3338 373 3416 D·
427 3339 705 3431 Qu⁰ds³¹¹⁸l⁰m
723 3337 853 3408 elfelm
870 3349 928 3410 ³¹2·
985 3331 1245 3418 H0r121d0⁸ls
1297 3341 1418 3431 Quare
1440 3367 1520 3412 cum
1544 3347 1708 3414 ostendas
1730 3346 1852 3416 multis
1866 3349 2010 3435 officiis,
2036 3365 2070 3422 te
2089 3378 2284 3426 memorem

141 3471 146 3477 ’
254 3450 313 3522 die
343 3447 405 3522 28.
440 3441 673 3524 Novembris,
720 3439 897 3533 ingressus
935 3449 988 3506 est
1022 3431 1246 3508 Mauritius.
1297 3469 1371 3513 esse
1392 3457 1550 3514 veterum
1582 3445 1798 3530 amicorum,
1830 3444 2078 3524 honestissime
2106 3456 2196 3525 facis
2250 3473 2285 3530 et

253 3547 380 3622 Postea
405 3550 528 3618 literae
552 3546 677 3615 allatae
700 3555 804 3624 sunt,
822 3565 880 3611 *cr
913 3539 1043 3633 quihus
1075 3535 1245 3620 intellexi,
1297 3547 1530 3635 tibigratiam
1554 3541 1679 3620 habeo,
1731 3546 1840 3620 Mitto
1863 3554 2017 3643 pagellas
2061 3569 2096 3628 οι
2121 3581 2187 3650 pm
2206 3513 2285 3630 ’gups

255 3654 359 3723 illum
383 3643 554 3748 φλύαρον
571 3639 631 3740 ⁸),
663 3646 725 3740 qui
748 3643 903 3728 dicebat,
933 3635 1117 3710 Christum
1141 3637 1245 3708 iusti·
1295 3649 1503 3717 muneribus
1518 3648 1646 3737 gratias
1662 3669 1739 3737 ago.
1791 3649 1919 3723 Studia
1933 3609 2147 3728 Academiae
2164 3676 2199 3732 et
2215 3656 2284 3730 bn-

254 3755 360 3826 ficare
387 3777 450 3845 per
482 3750 663 3832 accidens,
698 3771 739 3816 ex
764 3747 854 3816 orbe
887 3755 1001 3812 vestra
1036 3741 1245 3813 discessisse.
1296 3749 1351 3817 ins
1368 3749 1520 3818 viciniae
1534 3773 1576 3818 ex
1593 3750 1678 3838 ipsis
1703 3751 1866 3842 pagellis,
1892 3781 1982 3855 qnae
2003 3759 2125 3842 mitto,
2152 3785 2286 3852 cogno-

255 3851 404 3928 Utinam
438 3853 523 3924 tales
556 3849 782 3942 impudentes
813 3861 847 3918 ct
880 3844 1053 3915 ineruditi
1084 3843 1245 3913 doctores
1296 3873 1390 3919 scere
1407 3851 1558 3942 poteris,
1585 3868 1771 3945 quaesunt
1789 3851 2170 3930 adhucDeibeneficio
2187 3881 2286 3954 grata

256 3981 381 4028 omnes
402 3955 527 4048 procul
549 3965 629 4021 eant
656 3950 690 4030 ἐς
705 3942 877 4039 κόρακας.
931 3945 1034 4016 Misit
1059 3935 1245 4014 mibiCa·
1295 3975 1335 4022 ac
1348 3951 1495 4043 probata
1512 3953 1590 4044 piis,
1633 3950 1863 4025 Germaniam
1881 3961 2033 4049 optarim
2052 3963 2143 4032 serio
2161 3967 2206 4033 de
2224 3970 2286 4037 de-

255 4055 441 4131 merarius
462 4043 922 4144 deCulmanaoiJr‘s'capn,
952 4051 1246 4139 dequorespon-
1295 4053 1456 4123 sensione
1490 4067 1612 4124 contra
1644 4052 1781 4125 Tuccas
1814 4061 1985 4149 cogitare·
2021 4075 2054 4133 et
2080 4065 2286 4158 aliquorum

236 4163 393 4251 ,sionem
419 4159 487 4251 ipsi
507 4153 705 4246 germanice
732 4153 898 4242 scriptam
930 4141 1108 4245 misi”),
1145 4159 1246 4220 utet
1295 4155 1497 4247 principum
1522 4155 1653 4247 optima
1676 4171 1728 4227 est
1755 4159 1919 4230 voluutas
1943 4165 1987 4232 de
2014 4169 2197 4238 communi
2223 4173 2286 4238 de·

257 4263 416 4360 quaestio
432 4259 630 4351 germanice
644 4256 773 4348 scripta
790 4265 874 4323 erat.
907 4249 1037 4335 Vides,
1063 4249 1177 4342 qualis
1200 4247 1246 4318 sit
1296 4257 1474 4342 fensione3
1501 4259 1559 4326 sed
1576 4259 1790 4328 necessariae
1805 4285 1861 4332 res
1879 4287 2030 4356 qnorum
2046 4267 2288 4358 impediantur

189 4385 191 4388 ·
257 4367 299 4436 in
314 4351 530 4434 Colmanno
546 4360 706 4430 confusio
722 4355 852 4444 animi,
878 4355 918 4423 in
941 4351 1159 4444 expositione
1179 4351 1246 4420 do·
1297 4381 1357 4428 sen
1373 4357 1511 4448 ignavia
1535 4382 1597 4428 seu
1621 4361 1849 4450 perversitate
1871 4367 2012 4435 tandem
2032 4373 2198 4441 ostendet
2216 4375 2287 4442 exi-

261 4461 682 4540 ctrinaeetinconsiliis.
732 4457 828 4529 Huic
851 4457 926 4527 eins
950 4466 1069 4524 tantae
1094 4451 1247 4522 infirmi-
1297 4473 1365 4528 tus.
1422 4457 1495 4528 Nos
1520 4471 1702 4528 teneamus
1724 4456 1815 4532 hamc
1838 4467 2138 4555 consolationem,
2172 4473 2285 4544 filium

258 4569 324 4640 tati
340 4587 485 4661 prorsus
500 4565 598 4656 parci
613 4563 761 4642 vellem,
786 4560 816 4628 si
842 4583 917 4630 non
931 4557 1108 4648 improbat
1124 4566 1245 4646 aperte
1297 4557 1365 4630 Dei
1386 4575 1525 4632 nostras
1542 4559 1718 4632 Ecclesias
1741 4581 1982 4656 protecturum
2007 4593 2095 4654 esse,
2124 4577 2221 4666 quod
2248 4591 2286 4644 ut

258 4669 458 4743 doctrinam
481 4665 651 4749 aliorum,
676 4663 738 4756 qui
762 4685 858 4732 nunc
879 4661 1018 4730 docent.
1069 4656 1143 4728 Nec
1164 4656 1245 4725 ideo
1295 4663 1401 4732 faciat
1425 4675 1501 4732 toto
1518 4687 1597 4732 cnm
1620 4675 1760 4754 pectore
1782 4694 1857 4738 oro.
1909 4667 2114 4743 Benevola.
2166 4673 2286 4746 Pridie

258 4773 367 4843 velim
385 4772 425 4840 in
441 4793 522 4840 eum
539 4766 674 4860 aliquid
690 4764 813 4834 dunos
828 4760 952 4846 statui,
977 4761 1074 4854 quod
1092 4779 1166 4828 sese
1182 4759 1248 4826 ad·
1296 4761 1444 4851 Calend.
1461 4761 1625 4836 Decemb.
1644 4759 1751 4840 1556.

257 4875 425 4957 miratur,
458 4885 493 4944 et
516 4867 649 4940 alicubi
671 4867 723 4947 de¹
739 4887 775 4936 se
799 4862 987 4953 gloriosius
1008 4859 1186 4956 loquitur,
1210 4873 1248 4929 et
1353 4856 1355 4871 ¹
2175 4873 2242 4952 Ph,

259 4976 340 5047 aliis
355 4977 538 5047 obtrectat.
589 4969 697 5040 Ferre
715 4962 799 5038 haec
814 4963 1005 5063 ἀναγκαῖα
1022 4955 1120 5036 κακὰ
1144 4963 1248 5032 nole-
1826 4949 1827 4952 ¹

1303 5063 1526 5080 ...ιιι-1

1333 5155 1367 5232 *)
1384 5149 1536 5216 schottus

262 5143 469 5164 W

295 5231 325 5300 2>
344 5225 405 5283 att·
421 5239 518 5280 manos
531 5217 673 5290 adscripsit
687 5235 752 5272 ann.
769 5215 846 5272 15⁶⁵.

294 5311 324 5379 *J
343 5307 472 5380 tntetttgtr
489 5304 627 5358 loonmm
640 5299 798 5357 Veneram.

295 5393 347 5460 ”l
368 5393 431 5446 via.
450 5405 532 5460 supro
549 5386 621 5440 med.
640 5384 791 5439 Novembr-
