4682 5822
245 205 321 284 626

247 379 404 479 periuria
421 377 637 452 severissime
659 377 803 472 puniri,
828 393 863 454 et
876 378 981 472 punit
1002 378 1080 472 ipse
1095 373 1239 450 Alasto-

247 509 306 556 ras
320 485 418 569 illos,
442 481 636 575 impiorum
653 485 859 572 dogmatum
876 485 1032 568 autores,
1060 505 1140 552 cum
1157 479 1241 550 Ma-

248 590 413 678 gistratus
433 585 588 655 cilicium
612 607 714 653 suum
740 583 939 675 negligunt:
967 581 1020 654 Ac
1046 596 1132 654 tunc
1156 583 1239 677 qui-

247 693 330 762 dem
356 689 518 758 simulet
541 685 789 776 Magistratus,
823 702 857 758 et
874 685 1019 776 imperia
1034 685 1146 766 delet,
1172 686 1239 778 ,qui

247 791 326 861 vult
348 790 385 860 in
409 789 535 882 poenis
561 788 756 860 manifestis
779 787 936 882 conspici
960 787 1160 860 testimonia
1182 787 1239 858 iu·

248 893 365 964 stitiae
380 915 474 965 suae.

350 991 448 1064 Haec
460 989 616 1063 breviter
630 990 674 1060 de
687 989 827 1060 iudiciis
844 985 1033 1076 Ecclesiae,
1060 989 1153 1059 etde
1169 1011 1238 1080 pu-

248 1097 390 1166 niendis
416 1094 537 1186 impiis
561 1091 778 1180 dogmatistis
794 1092 883 1162 diri:
910 1117 1001 1186 quae
1023 1114 1125 1182 saepe
1145 1091 1239 1160 mul-

135 1234 141 1244 ·
247 1206 396 1292 tumque
414 1197 564 1286 cogitare
579 1194 666 1264 utile
683 1208 751 1278 est,
777 1205 818 1264 ut
834 1196 876 1264 ad
902 1195 989 1265 duas
1013 1219 1068 1264 res
1088 1193 1239 1262 maxime

247 1323 315 1372 nos
331 1298 579 1380 exuscitemus‚
605 1297 647 1364 ad
666 1296 824 1364 discendi
838 1320 980 1382 curam,
1005 1309 1041 1366 et
1058 1297 1102 1364 ad
1118 1318 1239 1384 praca-

248 1405 394 1474 tionem.
436 1397 591 1491 Utraque
606 1419 661 1468 res
682 1397 876 1468 necessaria
894 1411 957 1472 est.
998 1393 1109 1469 Recte
1124 1395 1239 1465 disca-

247 1527 327 1574 mus
341 1503 537 1572 doctrinam
552 1499 724 1584 divinam,
749 1512 790 1570 ut
805 1497 937 1570 Paulus
954 1499 1089 1592 inquit,
1114 1493 1239 1568 Hati-

248 1614 296 1676 tet
314 1602 353 1673 io
381 1599 481 1672 vobis
506 1623 625 1671 sermo
638 1593 787 1670 Christi
807 1597 973 1698 opulente
993 1599 1033 1668 io
1058 1597 1161 1670 omui
1173 1623 1238 1668 so-

246 1704 406 1803 pieotiu:
440 1701 488 1776 Et
508 1703 743 1794 adiungamus
767 1725 869 1772 veros
895 1701 1064 1794 gemitus,
1089 1717 1122 1774 et
1139 1715 1238 1786 vota;

248 1836 288 1880 ac
312 1823 487 1902 petamus,
518 1817 560 1876 ut
583 1805 675 1874 lilius
694 1803 760 1874 Dei
784 1803 889 1875 iaciat
912 1829 977 1874 nos
998 1829 1078 1874 vasa
1101 1803 1239 1872 miseri-

247 1913 399 1984 cordiae.
451 1907 560 1998 Quod
591 1919 632 1978 ut
662 1907 852 1979 clementer
886 1907 1012 1994 iaciat,
1047 1918 1122 1977 toto
1158 1929 1238 1974 eurn

248 2031 390 2106 pectore
408 2033 485 2084 oro.

261 2379 328 2453 No.
342 2375 455 2454 5827.

253 2477 466 2514 Μ

1071 2393 1129 2454 20-
1143 2384 1227 2468 Aug.

555 2561 613 2646 11.
642 2559 938 2674 Bullingero.
1000 2517 1002 2522 Ι

317 2736 395 2792 Edita
417 2735 446 2790 in
466 2736 585 2808 epistolis
606 2737 700 2790 loanni
716 2737 837 2806 Caluini,
856 2757 885 2810 p.
899 2741 959 2796 400.
996 2737 1106 2796 Contuli
1120 2760 1239 2816 apogra-

352 2806 425 2878 phon
436 2807 464 2860 in
480 2807 543 2861 cod.
559 2805 644 2860 Paris.
657 2805 692 2863 D.
709 2807 740 2864 L.
755 2810 813 2862 54¹.

478 2961 683 3034 Heorico
708 2960 1005 3062 Bulliogero.

248 3103 466 3188 Reverendo
490 3117 544 3186 vir
568 3131 602 3187 et
624 3111 827 3186 charissime
849 3119 966 3186 irater.
1017 3115 1107 3188 Cum
1134 3119 1236 3189 allata

249 3231 364 3288 essent
380 3219 536 3308 exempla
551 3219 602 3288 tui
625 3219 746 3309 scripti
767 3215 850 3312 napi
865 3213 1103 3313 δικαιοσύνης
1119 3223 1237 3290 statim

249 3320 321 3390 erni
340 3331 375 3388 et
398 3319 485 3408 legi,
517 3345 557 3388 ae
581 3321 728 3389 laetatus
752 3344 829 3389 sum
848 3346 1020 3392 consensu
1043 3337 1237 3393 vestrarum

249 3447 290 3496 ac
304 3417 333 3516 ¹)
354 3435 552 3490 nostrarum
568 3419 819 3492 Ecclesiarum.
873 3423 997 3494 Postea
1021 3438 1098 3494 tuas
1120 3425 1238 3496 literas

250 3539 285 3596 et
302 3525 434 3593 librum
452 3549 471 3592 a
488 3538 522 3594 te
543 3525 690 3592 missum
706 3525 835 3617 accepi.
885 3523 970 3596 Tibi
984 3526 1092 3616 igitur
1114 3541 1148 3597 et
1172 3552 1237 3620 pro

250 3625 501 3696 benevolentia
531 3649 609 3716 erga
636 3650 693 3694 rue
714 3639 774 3696 tua
798 3641 830 3696 et
853 3651 917 3718 pro
939 3651 1088 3698 munere
1110 3631 1238 3719 gratias

252 3749 329 3817 ago.
380 3725 467 3816 Legi
491 3729 595 3796 etiam
619 3751 709 3820 quae
725 3729 769 3798 de
783 3725 922 3798 Servati
939 3725 1166 3821 blasphemiis
1180 3757 1239 3802 re-

251 3827 460 3921 spondistis,
493 3843 527 3898 et
549 3829 714 3919 pietatem
742 3855 782 3900 ac
812 3831 943 3901 iudicia
968 3846 1083 3902 vestra
1112 3835 1237 3924 probo.

250 3929 374 4002 ludico
397 3931 501 4000 etiam
525 3929 693 4001 Senatum
718 3925 957 4002 Geoeoeosem
986 3949 1078 4004 recte
1107 3935 1238 4019 fecisse,
1358 3989 1365 4012 ,

251 4035 348 4128 quod
382 4029 565 4104 hominem
602 4033 817 4122 pertinacem
850 4049 885 4106 et
917 4061 990 4106 non
1024 4036 1236 4108 omissurum

250 4127 488 4226 blasphemias
505 4135 647 4204 sustulit
663 4130 702 4228 ²).
754 4132 807 4206 Ac
826 4136 973 4208 miratus
989 4161 1085 4218 sum,
1112 4163 1185 4209 esse
1198 4135 1239 4236 ³),

251 4237 316 4334 qui
344 4237 564 4308 severitatem
592 4237 689 4306 illam
721 4237 936 4328 improbent.
997 4239 1105 4310 Mitto
1131 4243 1174 4310 de
1199 4265 1238 4312 ea

252 4339 458 4432 quaestione
483 4339 606 4407 breves
631 4340 802 4429 pagellas,
825 4343 883 4410 sed
907 4354 1024 4412 tamen
1044 4342 1238 4412 sententiae

251 4455 394 4512 nostrae
409 4453 513 4510 testes
530 4435 572 4534 ⁴).
623 4438 780 4530 Quidam
796 4457 929 4515 veteres
946 4444 1050 4514 amici
1077 4447 1144 4513 mei
1170 4445 1238 4514 rui-

259 4610 483 4626 m-

285 4719 312 4785 l)
330 4717 377 4778 uc]
397 4713 458 4772 cod.
472 4713 534 4767 Par.
553 4721 589 4768 et.

284 4805 313 4872 2)
334 4799 505 4871 Supplicium
525 4799 558 4851 de
575 4795 706 4853 Micbsitle
727 4797 854 4864 Secreto,
880 4797 1015 4868 Hispano,
1042 4809 1180 4870 sumptum
1199 4813 1239 4856 set

319 4881 431 4924 ereunte
445 4867 543 4922 Octbr.
556 4869 641 4937 1553,
660 4878 802 4940 postquam
815 4865 928 4921 Senatus
943 4868 1111 4925 Geuevenris
1123 4879 1238 4926 senten·

318 4937 572 5008 tias'l'igurinorunr
589 4949 615 4990 ct
628 4937 745 4990 aliorum
760 4933 911 4990 audiverat.

282 5028 311 5092 6)
332 5023 401 5082 cod.
417 5023 477 5083 l’ar.
490 5040 550 5076 esse
562 5025 683 5090 aliquos.

282 5117 310 5184 l)
329 5111 477 5182 Quaestio:
495 5127 528 5162 an
543 5118 661 5229 pptpptas
675 5103 1059 5227 pillll⁰³glib²³⁸2h⁸blfil⁰p⁰q⁸
1070 5135 1107 5230 Ι-
1120 5123 1134 5160 e
1148 5107 1238 5228 waldio

315 5181 1016 5365 lii‘ie‘td‘biil’iiiilld}’tsi‘i'wpi
1036 5195 1238 5301 ,talitali

317 5331 345 5372 ct
365 5315 479 5369 inscruit
494 5313 620 5368 Consiliis
639 5311 740 5366 lllelsnt
763 5311 820 5366 .l³.
835 5309 867 5364 ll.
887 5329 914 5384 p.
927 5312 988 5366 212¹.
1024 5313 1159 5370 Dabimus
1179 5335 1237 5372 eam

315 5387 345 5442 iu
362 5383 564 5457 quaestiouibus
579 5381 664 5441 teau.
1059 5431 1062 5444 ,

817 199 1250 282 EPISTOLARUM
1299 205 1516 290 111ssle
1566 207 1699 290 1666.

2207 221 2283 300 621

1290 379 1452 456 nitantur
1473 378 1584 474 mibi,
1616 385 1655 462 se'
1675 383 1770 488 ὑπὲρ
1791 387 2055 495 6ρτολπρε1ας
2076 409 2200 470 contra
2223 423 2282 470 ms

1290 487 1481 578 scripturos
1495 511 1578 564 esse.
1630 489 1771 588 Siquid
1794 501 1901 570 edent
1923 501 2135 574 nominatim
2154 516 2280 574 contra
2317 519 2318 554 i

1292 613 1356 674 me,
1382 590 1532 676 decrevi,
1558 587 1633 662 Deo
1650 594 1795 667 iuvante
1812 605 2035 694 respondere,
2059 599 2282 674 etiamsiboc

1289 705 1466 760 certarnen
1481 693 1596 764 omitti
1613 697 1746 772 malim.
1778 697 1863 772 Pius
1878 718 1912 775 et
1928 708 2052 776 doctos
2066 707 2112 775 dc
2127 729 2166 776 re
2181 720 2280 777 tanta

1290 791 1424 883 placide
1447 794 1602 888 colloqui
1626 799 1750 872 utilius
1772 817 1870 878 esset.
1921 802 1999 878 Oro
2021 821 2139 878 autem
2163 808 2278 878 filium

1289 889 1373 978 Dei,
1403 906 1444 966 ut
1465 919 1531 964 nos
1556 923 1678 969 omnes
1702 905 1892 992 gubernet,
1925 922 1959 980 et
1979 922 2077 979 sanet
2100 905 2281 980 Ecclesiae
2317 975 2318 984 ,

1289 995 1447 1066 vulnera.
1489 994 1588 1068 Bene
1603 1015 1637 1071 et
1651 1003 1803 1078 feliciter
1817 1009 1914 1095 vale,
1941 1005 2145 1084 charissime
2160 1012 2281 1084 frater.

1287 1094 1355 1168 Die
1375 1096 1438 1174 20.
1457 1093 1608 1192 Augusti
1622 1099 1662 1200 ⁸).

1387 1246 1545 1322 Salutem
1561 1267 1645 1344 opto
1662 1245 1809 1335 iLelt'o
1824 1257 1882 1329 et”
1893 1253 1921 1353 ⁸)
1938 1261 2040 1333 vobis
2054 1263 2236 1338 omnibus.

1292 1521 2282 1554 Μ

1289 1650 1355 1726 No.
1368 1652 1481 1728 6828.

1295 1751 1496 1787 W„
2100 1672 2275 1791 aas

1552 1851 1615 1943 A.
1645 1857 2012 1976 Hurdcrebergio.

1357 2029 1427 2104 Epp.
1441 2033 1474 2088 ad
1491 2033 1675 2108 llardenberg.
1694 2057 1737 2111 ep.
1748 2037 1792 2093 86.

1465 2187 1520 2264 D.
1544 2191 1739 2268 Alberto
1764 2195 2109 2301 Hordebergio.

1289 2348 1337 2436 S.
1361 2357 1406 2431 D.
1456 2359 1663 2436 Reverendo
1681 2367 1751 2454 vir,
1776 2383 1810 2440 et
1826 2375 2003 2446 carissime
2016 2379 2135 2456 irater.
2186 2381 2279 2456 Cum

1289 2477 1377 2534 essct
1401 2487 1525 2554 magna
1550 2469 1801 2540 dissimilitudo
1824 2477 2036 2566 opinionum
2060 2498 2141 2554 ante
2164 2511 2279 2558 annos

1288 2567 1361 2635 fere
1384 2566 1527 2656 triginta
1551 2569 1719 2662 inspectio
1739 2569 1975 2647 Ecclesiarurn
2001 2587 2164 2673 praebuit
2189 2587 2280 2657 mibi

1288 2669 1506 2738 occasionem
1530 2673 1657 2740 edendi
1682 2697 1853 2744 summanr
1872 2683 2054 2754 doctrinae
2078 2688 2125 2758 ita
2151 2693 2278 2760 recita-

1288 2786 1378 2854 tam,
1412 2783 1452 2840 ut
1473 2773 1604 2843 multae
1632 2781 1889 2851 controversiae
1911 2785 2212 2875 diiudicarentur,
2247 2808 2280 2862 et

1287 2887 1545 2944 monstraretur
1571 2877 1683 2946 forma
1713 2880 1885 2954 orationis
1909 2889 2051 2978 propria
2080 2891 2119 2958 in
2144 2895 2278 2966 multis.

1291 2971 1375 3042 Eam
1395 2999 1468 3043 rem
1485 2979 1658 3068 proluisse
1676 2981 1717 3048 ael
1743 2985 2030 3058 coniunctionem
2048 2993 2278 3084 qualemcun-

1289 3101 1356 3168 que
1389 3075 1625 3148 Ecclesiarum
1658 3083 1827 3156 existimo.
1883 3083 1938 3156 llli
1971 3105 2086 3162 autem
2125 3099 2276 3180 vulneri,

1289 3179 1384 3271 quod
1411 3174 1527 3249 adltuc
1552 3183 1736 3272 praecipue
1764 3186 1893 3259 lacerat
1916 3185 2108 3276 Ecclesias,
2142 3201 2276 3269 mederi

1288 3303 1362 3348 non
1380 3281 1490 3370 potui.
1541 3279 1605 3368 Et,
1636 3301 1675 3356 ut
1690 3285 1727 3352 in
1745 3311 1848 3378 aegro
1873 3315 2035 3384 corpore,
2061 3321 2135 3368 non
2156 3303 2278 3372 omnia

1288 3383 1461 3450 movenda
1485 3407 1558 3453 esse
1585 3387 1792 3476 cogitabam.
1856 3389 2001 3462 Utinam
2026 3413 2145 3470 autem
2174 3403 2279 3474 multi

1289 3485 1470 3556 studerent
1484 3501 1518 3557 et
1532 3487 1651 3557 fovere
1670 3501 1807 3560 teneras
1824 3487 2014 3582 Ecclesias‚
2044 3515 2078 3569 et
2095 3514 2278 3599 utcunque

1288 3585 1377 3656 tueri
1397 3579 1434 3681 ⁸)
1458 3587 1756 3662 coniunctionem.
1816 3593 1886 3664 Sed
1918 3599 2078 3671 videmus
2105 3609 2278 3697 quosdam

1289 3701 1427 3779 captare
1443 3691 1602 3783 undique
1617 3693 1818 3764 occasiones
1841 3698 1993 3769 faciendi
2016 3705 2168 3784 maiores
2187 3709 2279 3776 dila-

1289 3789 1494 3864 cerationes.
1534 3791 1574 3863 Si
1589 3794 1799 3865 nominatim
1817 3813 1937 3869 contra
1954 3827 2011 3870 me
2026 3807 2194 3892 scribant,
2221 3811 2278 3878 vel

1288 3901 1328 3959 ut
1346 3889 1463 3961 Stoica
1480 3893 1709 3966 deliramenta
1729 3915 1971 3990 propugnent,
1997 3907 2053 3975 vel
2066 3923 2105 3978 ut
2120 3905 2279 4004 cipcoiu-

1288 4015 1415 4084 τρειαν
1436 3995 1665 4082 confirment,
1698 4001 1857 4085 decrevi,
1886 3999 1962 4075 Deo
1988 4007 2131 4080 iuvante
2157 4010 2280 4082 debis

1289 4095 1449 4165 maximis
1465 4099 1569 4167 rebus
1585 4099 1752 4188 explicate
1767 4109 1990 4194 respondere,
2016 4111 2047 4178 si
2062 4113 2190 4188 vivam.
2233 4112 2281 4186 Et

1291 4197 1441 4267 libenter
1456 4221 1560 4269 senex
1576 4202 1678 4271 exilia
1694 4205 1892 4294 suscipiam,
1916 4221 1955 4280 ut
1970 4211 2140 4284 liberatus
2153 4241 2195 4284 cx
2211 4212 2281 4286 boe

1290 4300 1483 4386 ergastulo,
1516 4303 1560 4371 ad
1588 4305 1824 4394 precationem
1849 4321 1884 4378 et
1905 4311 1950 4379 ad
1970 4316 2084 4384 studia
2110 4319 2192 4408 plus
2215 4313 2281 4387 ha-

1291 4400 1389 4467 beam
1419 4405 1598 4492 temporis.
1659 4405 1742 4477 Post
1766 4405 2119 4487 Francoiordiensem
2142 4443 2280 4490 merca-

1290 4515 1365 4572 tum
1382 4502 1483 4592 plura
1503 4506 1548 4574 ad
1565 4519 1599 4574 te
1615 4509 1784 4593 scribam,
1816 4537 1886 4603 quo
1903 4537 1982 4582 cum
1997 4517 2066 4586 iam
2081 4521 2279 4610 proficisce-

1290 4619 1386 4672 retur
1401 4629 1500 4675 meus
1515 4629 1632 4695 gener,
1658 4623 1697 4678 ut
1712 4633 1828 4680 meum
1841 4613 1983 4684 fratrem
2000 4639 2219 4707 germanum,
2249 4639 2281 4693 ct

1290 4708 1376 4774 alios
1393 4709 1562 4798 quosdam
1576 4709 1671 4778 viros
1684 4713 1807 4782 doctos
1821 4715 2032 4809 alloquatur,
2051 4723 2135 4791 dedi
2152 4727 2183 4792 ci
2198 4725 2279 4795 lite-

1290 4829 1346 4875 ras
1361 4810 1404 4874 ad
1415 4801 1607 4894 Luscium,
1622 4814 1692 4905 'qui
1707 4817 1943 4910 tranquillum
1962 4817 2155 4914 hospitium
2164 4823 2281 4896 Fran-

1300 4987 1521 5008 Ἣ

1323 5113 1351 5180 6)
1372 5112 1439 5168 Cod.
1453 5113 1528 5174 Pane
1547 5117 1599 5172 Dis
1615 5119 1658 5176 26.
1674 5119 1789 5190 Augusti
1804 5139 1878 5175 anno
1895 5122 1968 5182 tsst

1321 5215 1350 5286 6)
1367 5216 1445 5270 Leto
1458 5225 1497 5286 et]
1516 5220 1589 5275 addit
1603 5223 1664 5278 cod.
1678 5221 1740 5279 Par.

1321 5319 1431 5444 ‘'tivi“
1451 5320 1535 5375 edidit
1556 5325 1664 5394 teucri,
1688 5341 1809 5398 proquo
1830 5328 1908 5382 tueri
1923 5329 2074 5388 rueribere
2088 5336 2183 5396 nullm
2196 5340 2280 5398 trut-
