4712 5828
237 224 315 298 299

238 393 384 484 coniugi
397 406 431 464 et
447 391 550 466 tiliae.
599 385 691 460 Heri
707 387 828 458 eadem
846 381 935 456 bora
958 377 1029 454 huc
1052 393 1230 454 venerunt

240 493 420 592 Stigelius
435 508 470 565 et
494 515 592 562 meus
608 501 764 580 generet
779 481 926 558 Paulus
943 482 1101 559 Eberus.
1153 481 1230 554 llo-

240 623 320 669 rum
342 609 548 688 conspectus
576 605 696 684 gratus
717 591 784 660 luit
814 591 918 660 nobis
945 587 1124 660 omnibus.
1176 583 1231 654 Te

240 723 382 793 quoque
411 698 537 766 vellem
565 719 637 766 una
660 692 861 776 advenisse,
895 713 969 760 non
993 690 1076 782 qnia
1104 685 1231 756 referat

240 798 426 872 historiam
444 798 570 893 synodi
587 817 804 886 cognoscere,
826 815 932 885 quarn
950 791 1029 862 istic
1043 791 1146 878 leges,
1169 787 1231 856 sed

240 904 323 997 quia
349 897 503 992 hospites
523 899 619 967 viros
643 893 808 966 honestos
838 907 873 964 et
896 895 1019 964 doctos
1045 890 1167 961 videre
1196 900 1232 958 et

110 1073 115 1080 .
241 1004 365 1074 sardice
381 1025 447 1071 nec
462 1002 609 1070 insuave
624 1021 688 1068 nec
701 997 828 1068 inutile
845 1009 907 1068 est.
955 992 1053 1064 Bene
1069 1005 1103 1062 et
1117 989 1232 1060 felici·

241 1118 296 1174 ter
328 1104 418 1176 vale.
477 1101 632 1173 Salutem
670 1112 753 1192 opto
787 1097 889 1168 vobis
922 1095 1101 1167 omnibus.
1160 1091 1232 1162 Die

241 1205 305 1277 29.
331 1203 432 1275 Maii.

250 1313 255 1320 ·
981 1293 1181 1389 Philippus.

240 1517 640 1536 ffl—

253 1671 322 1746 No.
337 1665 450 1744 5615.

249 1768 461 1804 m

1104 1679 1137 1740 ὅ.
1153 1669 1220 1733 lun.

1092 1761 1232 1791 Μ

516 1853 582 1942 Μ.
612 1849 945 1972 Meienburgio.

239 1971 255 1986 „
343 2029 723 2108 mmmnpmm

244 2185 304 2266 M
310 2184 393 2264 iah.
419 2183 476 2262 M
479 2181 728 2281 elenburgi
734 2209 772 2266 o,
797 2175 958 2262 Consuli
973 2177 1234 2260 Nortdusano.

246 2331 295 2419 S.
319 2341 365 2414 D.
419 2339 648 2430 integerrime
661 2337 728 2407 vir.
777 2333 869 2407 Cum
893 2336 1110 2406 venissemus
1125 2329 1234 2408 Noo-

245 2445 422 2540 burgum,
451 2441 619 2534 postridie
642 2453 816 2509 venerunt
837 2435 1012 2523 Hessiaci,
1045 2451 1080 2508 et
1101 2461 1141 2506 ex
1162 2433 1234 2506 Ar-

245 2560 428 2640 gentorato
445 2535 689 2613 Schledanus.
741 2539 867 2610 Postea
888 2540 1048 2633 quamvis
1070 2539 1119 2607 ibi
1136 2563 1233 2608 com-

244 2649 375 2720 morati
408 2667 529 2715 sumus
558 2645 634 2712 dies
666 2643 802 2710 decem:
836 2653 953 2711 tamen
985 2665 1090 2708 nemo
1124 2639 1233 2712 venit.

247 2749 343 2840 Quia
375 2749 484 2839 igitur
510 2745 611 2837 pauci
638 2742 845 2825 adsuerunt,
883 2755 917 2810 et
942 2743 1034 2810 inter
1059 2764 1137 2822 eos,
1172 2741 1233 2834 qui

247 2854 409 2934 aderant,
433 2849 531 2918 nulla
550 2861 599 2915 est
615 2845 797 2928 dissensio,
823 2865 894 2912 non
912 2843 1013 2931 longa
1030 2843 1096 2911 init
1111 2844 1234 2934 dispu-

246 2954 345 3024 tatio.
394 2949 508 3020 Filius
523 2941 581 3017 M
578 2939 702 3016 ickae‘l
716 2945 825 3017 mittit
841 2957 916 3014 acta
931 2938 979 3030 1).
1024 2937 1234 3038 Landgra-

249 3053 329 3122 νίας
350 3051 514 3122 mandata
531 3051 674 3120 dederat
696 3045 785 3130 suis,
813 3061 854 3117 ut
875 3047 904 3114 si
921 3047 1155 3115 dissensiones
1177 3048 1233 3114 in-

248 3155 417 3238 ciderent,
442 3177 570 3222 nesea
587 3148 753 3222 Saxonici
769 3145 941 3217 Electoris
958 3146 1097 3236 Legatis
1115 3149 1234 3216 seiun-

247 3268 386 3344 gerent‚
412 3255 507 3347 quod
521 3253 589 3323 tuit
601 3250 768 3319 omnibus
786 3248 916 3318 nostris
932 3265 1080 3337 gratnm.
1116 3247 1235 3318 Filius

246 3359 319 3427 iarn
340 3356 451 3426 libros
474 3377 554 3423 suos
578 3349 757 3422 transtulit
773 3350 812 3418 in
835 3373 946 3418 meam
969 3345 1234 3423 habitationem.

247 3459 388 3552 Stylum
425 3457 500 3525 eius
542 3452 772 3524 considerabo
806 3451 1024 3544 aliquandiu.
1090 3447 1136 3522 Et
1170 3475 1234 3520 oro

246 3555 384 3644 Deum,
409 3573 448 3626 ut
471 3581 533 3626 vos
553 3571 586 3625 et
607 3565 740 3622 vestros
755 3575 879 3620 omnes
895 3565 1007 3621 servet
1028 3551 1234 3626 incolumes.

247 3657 344 3728 Bene
360 3674 394 3729 et
407 3660 557 3730 feliciter
572 3657 693 3726 valete.
747 3653 814 3726 Die
830 3649 866 3726 5.
885 3651 979 3725 lunii
998 3649 1107 3729 1554.

985 3767 1184 3864 Philippus.

246 3983 448 4000 ...ηιμ-..σιμι-
453 3983 622 3994 -ω-..ι--ι-ι-

248 4123 314 4196 No.
335 4123 445 4196 6616.

250 4219 443 4250 m

1120 4141 1153 4202 6.
1169 4132 1235 4198 lun.

1127 4225 1228 4258 υ»...

549 4309 614 4394 Io.
642 4305 924 4393 Botticbero.

314 4477 437 4531 Primum
452 4477 522 4532 edita
537 4481 565 4531 in
578 4479 621 4534 lo.
636 4479 796 4532 Boettchers'
816 4479 946 4547 (Proless.
962 4477 1101 4542 Francos.)
1122 4477 1234 4536 libellos

347 4545 390 4600 De
401 4555 458 4600 arte
469 4545 616 4600 disserendi
630 4545 725 4602 oratio.
755 4547 791 4600 Er
806 4566 838 4601 eo
852 4548 896 4602 hic
908 4547 1040 4616 descripta
1053 4556 1103 4602 est.
1139 4549 1235 4603 Postea

345 4615 576 4738 :digpriapelllanlii
589 4613 688 4684 larrag.
707 4635 733 4686 pa
748 4615 808 4671 219.
826 4615 884 4671 sine
896 4616 1090 4688 inscriptione,
1109 4637 1160 4673 nec
1170 4619 1234 4672 satis

476 4830 689 4906 Iohanni
711 4829 996 4909 Botticdero.

245 4973 292 5061 S.
318 4985 363 5058 D.
419 4985 545 5070 Τίττιξ
573 4983 643 5080 μὲν
666 4986 802 5086 τέττιγι
833 4982 960 5086 φίλος,
993 4983 1164 5086 brionam
1190 4987 1232 5064 de*

243 5085 414 5181 μύρμαξ,
444 5093 560 5184 inquit
577 5085 799 5165 Theocritus.
853 5088 905 5161 lta
923 5105 956 5161 et
972 5115 1037 5162 nos
1051 5094 1232 5164 consocia-

243 5257 461 5272 m-

276 5363 307 5427 *)
328 5362 347 5414 i.
363 5383 384 5415 e.
398 5361 572 5434 apographon
584 5360 678 5431 scripti
693 5359 877 5418 Melantbonis
890 5361 917 5417 d.
933 5363 959 5420 d.
971 5363 1014 5422 23.
1029 5363 1105 5420 stati.

824 207 1260 288 Eetsronattum
1314 207 1523 288 runnu.
1573 203 1707 287 toas.

2196 213 2271 287 500

1282 380 1416 452 tionem
1434 381 1547 452 nostri
1562 381 1716 474 agminis
1730 403 1905 468 amemus,
1931 396 1976 467 et,
2002 392 2175 477 qnantum
2191 405 2275 473 pos·

1282 507 1413 571 sumus,
1439 500 1611 558 tueamur.
1652 483 1801 554 Prodest
1819 485 1924 554 etiam
1940 481 2120 554 Ecclesiae
2136 497 2170 554 et
2186 483 2277 558 Rei-

1283 586 1463 676 publicaea
1495 589 1660 656 docentes
1690 600 1723 656 et
1752 585 1935 656 sententiis
1965 599 2000 657 et
2028 585 2278 656 benevolentia

1282 687 1489 758 coniunctos
1505 711 1591 758 esse:
1617 711 1656 756 ac
1673 688 1711 756 in
1727 682 1783 756 his
1799 689 1859 782 qui
1878 700 1962 758 sunt
1975 687 2052 758 sine
2067 689 2279 774 ambitione,

1282 789 1517 860 durabiliores
1531 803 1614 859 sunt
1627 789 1814 862 amicitiae.
1852 789 1915 860 Pie
1931 789 2041 880 igitur
2055 789 2152 876 iacis,
2179 792 2279 884 quod

1283 891 1463 960 interdum
1474 895 1521 974 ⁴de
1534 891 1781 963 benevolentia
1794 905 1853 962 tna
1870 893 1915 960 ad
1933 915 1999 962 nos
2013 891 2149 966 scribis.
2185 891 2280 962 Mit-

1283 1005 1319 1062 to
1336 993 1403 1064 tibi
1419 994 1572 1084 pagellas
1588 1017 1660 1062 non
1678 993 1841 1064 insuaves
1858 993 1963 1068 lectu.
2001 991 2100 1062 Bene
2117 995 2216 1064 valet
2244 1007 2281 1066 et

1283 1093 1458 1182 significa,
1485 1119 1531 1164 an
1549 1090 1613 1164 has
1627 1095 1747 1165 literas
1762 1109 1796 1166 et
1811 1095 1954 1165 libellos
1970 1095 2156 1186 acceperis.
2207 1093 2281 1166 Die

1284 1196 1318 1264 6.
1337 1193 1450 1278 lunii,
1477 1223 1548 1292 quo
1563 1209 1644 1266 ante
1660 1219 1773 1268 annos
1789 1195 1889 1270 1909
1905 1195 2105 1266 Alexander
2121 1195 2280 1268 Macedo

1284 1311 1388 1367 natus
1413 1291 1481 1380 est',
1507 1299 1570 1392 qui
1594 1311 1644 1368 est
1668 1299 1865 1390 exemplum
1889 1293 2280 1369 humanae'infirmita·

1285 1397 1346 1468 tis:
1372 1401 1454 1492 quia
1480 1425 1559 1470 cum
1583 1399 1742 1488 ingentes
1767 1401 1917 1470 virtutes
1938 1413 1973 1470 et
1996 1399 2089 1469 dona
2104 1395 2173 1468 Dei
2191 1425 2280 1470 con-

1285 1502 1489 1573 taminasset
1510 1501 1646 1590 magnis
1662 1501 1777 1586 vitiis,
1802 1502 1872 1571 cito
1889 1515 1924 1572 et
1938 1501 2047 1570 vitam
2070 1515 2106 1572 et
2127 1523 2280 1591 regnum

1285 1601 1413 1678 amisit.
1465 1601 1518 1673 Te
1535 1605 1623 1674 scias
1639 1605 1676 1671 in
1691 1627 1816 1693 genere
1831 1603 1923 1674 vitae
1936 1603 2082 1673 meliore
2096 1626 2180 1672 esse.

1286 2037 1352 2112 No.
1378 2037 1491 2114 5617.

1291 2135 1503 2173 Nm

1562 2235 1640 2324 Ge.
1672 2235 1995 2324 Buchlolzcro.

1387 2429 1485 2488 Manlii
1502 2429 1599 2502 larrag.
1612 2379 1650 2503 ¹p.
1664 2427 1725 2487 590.

1285 2537 1497 2680 Resonndo
1519 2603 1617 2691 viro,
1644 2599 1699 2674 D.
1722 2596 1926 2697 Georgio
1948 2599 2278 2682 Buchholtze-

1417 2731 1483 2793 ro,
1506 2706 1625 2777 amico
1641 2715 1673 2776 et
1679 2704 1808 2806 fratri
1821 2699 2139 2796 enucleatissime,

1286 2855 1334 2948 S.
1360 2871 1403 2946 D.
1453 2865 1663 2942 Reverende
1685 2869 1741 2940 vir
1771 2883 1805 2940 et
1827 2871 1938 2942 amice
1961 2867 2177 2950 charissime.
2232 2874 2279 2948 Ut
2351 2867 2352 2875 ¹

1285 2967 1440 3044 Lazaro
1464 2971 1644 3042 caniculae
1673 2972 1848 3042 cruciatus
1875 2973 2030 3045 leniunt:
2065 2975 2115 3048 ita
2138 2977 2279 3047 miseris

1286 3073 1526 3146 sacerdotibus
1550 3087 1583 3144 et
1606 3069 1821 3144 scholasticis
1846 3075 1957 3170 aliqui
1987 3091 2108 3148 tenues
2130 3079 2280 3170 privatis

1286 3176 1410 3248 officiis
1425 3199 1528 3268 opem
1544 3175 1672 3248 ierunt.
1724 3173 1825 3246 Facis
1841 3175 1948 3266 igitur
1963 3179 2039 3270 pie,
2067 3183 2164 3274 quod
2179 3206 2278 3250 corn-

1287 3277 1447 3368 plecteris
1460 3271 1640 3346 Ioannem
1655 3275 1699 3350 N.
1714 3275 1756 3346 N.
1768 3269 2002 3348 Boticherum
2019 3277 2279 3372 Rupinensem,

1287 3382 1348 3475 qui
1369 3379 1446 3451 istic
1461 3381 1562 3448 docet
1575 3379 1863 3449 adolescentiam:
1892 3382 1952 3474 qui
1972 3383 2115 3476 quidem
2131 3398 2192 3454 tua
2216 3387 2280 3452 be-

1286 3482 1410 3554 neficia
1431 3493 1527 3571 grata
1551 3481 1886 3551 commemoratione
1913 3485 2104 3574 praedicat.
2163 3484 2277 3576 Spero
2350 3563 2351 3584 χ

1287 3585 1362 3654 eius
1378 3585 1516 3654 labores
1530 3577 1706 3652 Ecclesiae
1729 3583 1932 3674 profuturos
1949 3609 2032 3655 esse.
2083 3585 2221 3678 Scripsi
2235 3589 2280 3658 de
2350 3595 2351 3674 t

1288 3711 1328 3757 eo
1354 3687 1397 3756 ad
1419 3699 1579 3754 senatum
1601 3681 1919 3774 Perlebergensem.
1980 3683 2034 3756 Te
2059 3701 2177 3756 autern
2202 3714 2281 3776 oro,

1287 3802 1328 3858 ut
1350 3789 1457 3857 addas
1478 3799 1575 3854 tuam
1591 3787 1947 3857 commendationem.
1996 3783 2105 3858 Mitto
2124 3787 2190 3858 tibi
2215 3815 2281 3881 pa-

1287 3890 1414 3980 gellas,
1438 3911 1587 3979 quarum
1610 3885 1796 3956 lectionem
1821 3887 1887 3957 tibi
1908 3911 1983 3958 non
2000 3888 2183 3959 insuavem
2201 3892 2281 3962 fore

1287 3990 1452 4061 arbitror.
1514 3986 1617 4058 Potes
1648 4001 1683 4056 et
1712 3989 1950 4059 illustrissimo
1975 3987 2135 4082 Principi
2156 4015 2281 4066 ,esern-

1288 4093 1387 4184 plum
1402 4093 1550 4161 tradere.
1601 4087 1749 4159 Fuimus
1763 4084 1985 4185 Nnobnrgi,
2010 4104 2051 4161 ut
2065 4093 2109 4161 dc
2131 4107 2281 4164 conuo-

1288 4193 1400 4262 vcrsia
1422 4183 1624 4262 Prussr'aca
1647 4190 1931 4284 colloqueremur
1954 4215 2034 4262 curn
2059 4187 2098 4262 T
2097 4189 2282 4288 ubingen-

1284 4292 1403 4368 sibns.
1453 4289 1502 4364 Et
1522 4291 1703 4362 audieram
1724 4309 1859 4364 vestros
1881 4317 2023 4388 quoque
2042 4317 2084 4365 eo
2105 4311 2281 4369 venturos

1288 4419 1379 4465 esse:
1404 4396 1466 4464 sed
1491 4417 1597 4464 nemo
1612 4394 1728 4478 venit,
1751 4407 1888 4484 praeter
1908 4391 2083 4470 Hessicos.
2135 4397 2280 4470 Disces-

1286 4497 1495 4592 simussine
1516 4496 1588 4565 ulla
1611 4495 1848 4582 dissensione,
1877 4493 1946 4568 Dei
1971 4497 2152 4572 beneficio.
2205 4499 2280 4572 Nec

1286 4611 1461 4668 venerunt
1499 4621 1539 4667 eo
1574 4595 1829 4686 Tubingenses.
1894 4593 1993 4666 Bene
2025 4599 2150 4670 valete.
2209 4599 2280 4674 Die

1133 4799 1140 4812 ,
1184 4763 1185 4766 ,
1285 4699 1320 4774 9.
1345 4699 1454 4770 lunii:
1497 4723 1567 4792 quo
1593 4699 1651 4767 die
1680 4711 1784 4769 natus
1811 4711 1862 4770 est
1884 4695 2086 4770 Alexander
2113 4699 2279 4790 Macedo,

1286 4815 1367 4873 ante
1384 4801 1483 4870 mille
1498 4813 1695 4890 nongentos
1712 4813 1745 4872 et
1764 4815 1897 4892 septem
1912 4823 2037 4876 annos.

1796 4945 1985 5045 Philippus
1999 4949 2228 5036 Melanthon
