4682 5822
968 1323 1222 1414 1555.

88 1644 146 1718 tto.
162 1643 272 1716 6712.

83 1742 280 1776 m

184 1844 356 1933 Ioanni
382 1840 623 1930 Friderico
652 1839 779 1926 Duri
811 1839 943 1932 Pom.

934 1649 965 1716 l.
979 1647 1043 1716 len.

921 1743 1055 1776 Nm

138 2037 232 2094 Manlii
251 2037 349 2113 larrsg.
369 2056 397 2110 p.
414 2033 464 2089 172
476 2052 535 2108 sqq.

102 2191 365 2265 illustrissimo
393 2185 562 2287 Principi
604 2200 638 2260 et
670 2187 837 2276 domino,
884 2184 1034 2261 domino

102 2295 272 2367 Ioanni
301 2289 571 2378 Friderico,
614 2290 767 2362 Stettini
797 2299 829 2361 et
857 2286 1034 2362 Pomoru-

102 2397 176 2470 aiae
198 2395 302 2484 duci,
335 2407 396 2471 etc.
422 2389 574 2488 Regiae
604 2393 785 2491 principi,
821 2402 853 2463 et
884 2389 1034 2470 domino

123 2491 344 2597 Caycorum,
370 2507 432 2572 etc.
460 2493 703 2567 dominusne
730 2492 1009 2568 clementissimo

82 2631 121 2722 S.
144 2644 184 2716 D.
236 2645 479 2724 illustrissime
493 2643 678 2736 Princeps:
711 2641 792 2713 Non
813 2645 938 2714 dubito
958 2645 1060 2715 celsi-

83 2750 226 2818 tudinem
251 2765 348 2820 tuam
371 2749 408 2816 in
425 2741 481 2816 his
504 2747 600 2816 feriis
618 2745 728 2816 multa
746 2747 912 2835 cogitasse
929 2749 974 2816 de
992 2747 1060 2814 mi-

83 2853 179 2920 rando
194 2852 347 2933 loedere,
370 2849 466 2942 qnod
483 2849 564 2918 fecit
579 2845 676 2918 Deus
691 2849 728 2914 in
746 2869 874 2936 genere
892 2843 1061 2932 humano,

83 2976 150 3020 cum
172 2952 286 3020 lilium
305 2946 373 3022 τὸν
398 2943 511 3048 λόγον
531 2950 646 3034 misit,
683 2963 723 3018 nt
748 2973 895 3018 massam
921 2951 1060 3040 generis

84 3055 181 3122 nostri
200 3055 375 3124 indueret.
426 3055 519 3124 Sunt
539 3051 688 3120 omnino
703 3050 802 3140 signa
817 3051 1061 3140 providentiae

84 3155 208 3224 divinae
226 3155 360 3242 multa:
395 3156 456 3223 sed
479 3153 618 3222 nullum
633 3167 685 3222 est
706 3153 881 3222 illustrius
903 3153 1061 3224 testimo-

84 3257 172 3324 nium
185 3257 316 3326 amoris
333 3256 447 3324 divini
466 3277 545 3344 erga
568 3278 651 3338 nos,
676 3249 742 3322 hac
765 3256 926 3324 miranda
950 3280 1060 3346 copu-

84 3357 200 3428 latione
225 3359 370 3426 divinae
391 3372 425 3426 et
449 3351 624 3424 hnmanae
648 3351 810 3426 naturae:
837 3381 877 3426 ac
900 3380 1061 3425 necessa-

85 3460 165 3527 rium
180 3459 338 3530 officium
361 3472 412 3528 est
428 3461 472 3526 de
488 3459 601 3526 caussis
625 3458 681 3548 pie
698 3470 733 3526 et
748 3474 949 3527 reverenter
966 3457 1062 3546 cogi-

85 3573 165 3645 tare,
187 3563 231 3630 de
247 3563 378 3653 quibus
394 3583 468 3628 non
484 3561 608 3628 dubito
626 3572 660 3626 te
681 3559 804 3627 audire
828 3560 1062 3648 praeceptoris

1208 1643 1262 1718 De
1277 1644 1423 1730 studiis,
1448 1669 1596 1738 eaquae
1618 1669 1731 1740 nuper
1751 1651 1796 1720 ad
1816 1664 1849 1724 te
1873 1655 2015 1746 scripsi,
2043 1658 2099 1730 iu-

1112 1745 1206 1816 dicio
1232 1746 1470 1840 praeceptoris
1493 1747 1672 1839 permitto.
1729 1749 1799 1822 Sed
1823 1748 1958 1827 hortari
1982 1773 2099 1833 tamen

1110 1872 1185 1918 non
1206 1849 1382 1935 desinam,
1413 1861 1452 1919 nt
1474 1850 1519 1918 ad
1544 1848 1732 1922 lectionem
1755 1854 1936 1928 doctrinae
1958 1860 2101 1954 divinae

1110 1950 1280 2040 adiungas
1306 1945 1490 2020 historias:
1526 1951 1622 2044 qnod
1646 1966 1680 2023 et
1702 1977 1789 2026 avus
1813 1970 1894 2028 tuus
1920 1977 2101 2036 maternus

1108 2051 1269 2124 faciebat.
1320 2047 1369 2122 Et
1384 2052 1640 2144 fuerunuapud
1654 2051 1857 2128 Palatinum
1872 2053 2103 2160 Philippum,

1110 2157 1261 2222 abavum
1285 2168 1406 2238 tuum,
1431 2154 1630 2246 principem
1656 2157 1827 2249 sapientia
1846 2177 1880 2233 et
1897 2164 2027 2236 virtute
2042 2193 2100 2238 ex·

1110 2256 1314 2340 cellentem,
1353 2257 1476 2324 eodem
1508 2270 1668 2346 tempore
1694 2259 1763 2328 viri
1792 2264 1887 2334 docti
1918 2265 1955 2336 ia
1978 2267 2100 2360 lingna

1111 2355 1255 2440 Latina,
1281 2354 1434 2440 Graeca,
1461 2369 1496 2426 et
1513 2357 1549 2426 in
1567 2358 1738 2429 doctrinis
1758 2384 1849 2455 qnae
1865 2349 2014 2460 utraque
2028 2371 2101 2441 lin-

1111 2481 1177 2548 gna
1204 2459 1355 2528 traditae
1378 2473 1481 2544 sont,
1504 2451 1700 2556 Rodnlsus
1717 2456 1911 2556 Agricola,
1937 2465 2102 2544 Ioannes
2183 2537 2184 2542 ,

1111 2551 1277 2655 Capria:
1315 2573 1350 2630 et
1377 2560 1563 2655 episcopus
1589 2556 1629 2632 V
1627 2561 1849 2654 angionnm,
1880 2569 1937 2640 vir
1959 2575 2103 2663 nobilis,

1111 2661 1359 2746 cancellarius,
1399 2657 1562 2732 Ioannes
1593 2657 1848 2759 Dalburgins
1910 2669 1987 2743 Hos
2020 2702 2100 2746 cum

1112 2787 1213 2854 saepe
1245 2763 1383 2832 audiret
1407 2763 1576 2856 Princeps
1609 2767 1734 2860 ordine
1759 2771 1944 2844 recitantes
1974 2779 2100 2850 seriem

1113 2888 1302 2950 regnorum
1327 2861 1606 2952 Chaldaeorum,
1639 2862 1846 2954 Persarum,
1881 2871 2100 2950 Graecorum

1112 2981 1146 3036 et
1166 2963 1421 3036 Romanorum
1436 2991 1491 3042 res
1514 2981 1624 3056 gestas
1648 2982 1683 3039 et
1705 2983 1862 3063 tempora
1884 2977 2103 3050 distribuen-

1112 3081 1180 3136 tes:
1207 3067 1333 3158 petivit
1350 3069 1418 3138 sibi
1436 3071 1480 3138 ab
1495 3071 1544 3137 eis
1558 3072 1722 3160 cornponi
1744 3069 1931 3163 Epitomen
1951 3079 2102 3153 Monac.

1113 3166 1291 3254 chiorum,
1331 3183 1363 3239 et
1387 3169 1518 3243 Mundi
1552 3167 1737 3242 historiam
1766 3179 1892 3248 ordine
1923 3184 2102 3260 distribui.

1115 3268 1152 3340 ld
1179 3296 1268 3360 opus
1290 3297 1330 3340 ex
1354 3269 1500 3342 Graecis
1521 3289 1555 3344 et
1580 3273 1714 3346 Latinis
1740 3279 1972 3371 scriptoribus
1996 3288 2104 3358 colle-

1113 3390 1226 3455 ctum,
1259 3374 1495 3463 gratissimum
1518 3375 1586 3444 luit
1606 3376 1718 3446 abavo
1742 3393 1814 3453 tno.
1867 3382 1993 3456 Simile
2014 3411 2103 3480 opus

1112 3474 1151 3542 in
1169 3463 1354 3544 Chronico
1378 3466 1556 3546 Curionis
1579 3477 1780 3549 institutum
1802 3497 1869 3553 est:
1897 3488 1957 3555 sed
1975 3490 2103 3560 vellem

1112 3570 1289 3645 (mrrorrrs
1315 3579 1476 3648 libellum
1509 3580 1691 3670 aliquanto
1723 3580 1989 3674 locupletiorem
2019 3615 2103 3666 esse.

85 3661 445 3746 commonefactiones,
487 3674 643 3751 sumptas
676 3683 717 3728 ex
752 3660 845 3728 veris
879 3661 1061 3729 doctrinae
1114 3675 1244 3744 fflfissi
1265 3681 1751 3769 aprseceptooeffloopfime
1773 3699 1906 3773 posset,
1932 3703 2103 3762 ,meme

85 3764 212 3832 divinae
238 3763 410 3834 f⁰¹¹llb¹¹³0
468 3761 575 3830 Ml¹¹⁰
603 3774 720 3830 lamen
755 3775 791 3832 ⁹²
816 3783 879 3850 08⁰
908 3763 1061 3878 Pflssflllsss
1113 3773 1297 3848 alacoho
1317 3772 1491 3870 Raagio,
1516 3780 1616 3848 cuius
1638 3782 1752 3852 oratio
1772 3787 1878 3856 refert
1896 3791 2103 3882 elegantiam

85 3865 192 3934 eidem
215 3867 260 3934 de
283 3889 322 3932 ¹⁶
345 3864 501 3954 scriptas·
557 3861 606 3932 El
628 3864 710 3954 ‘luia
737 3876 830 3932 recle
859 3865 1061 3934 lss⁸l¹¹1¹l¹¹ffl
1114 3895 1147 3949 et
1167 3880 1321 3950 nitorem
1347 3879 1431 3950 lolii
1447 3878 1616 3954 Caesaris.
1666 3881 1765 3954 Bene
1790 3901 1823 3956 et
1847 3891 1996 3962 feliciter
2017 3897 2105 3979 vale,

85 3979 137 4049 est,
157 3981 195 4036 ut
208 3989 344 4036 annum
364 3962 571 4034 inchoemus
586 3966 630 4032 ab
647 3959 713 4032 hac
727 3967 1061 4034 commemoratione
1113 3983 1348 4052 illustrissime
1370 3981 1549 4075 Princeps.
1601 3981 1768 4058 Calendis
1792 3987 1968 4080 lanuarii,
1993 3994 2102 4068 Anno

85 4068 252 4159 praecipui
278 4068 394 4158 operis
410 4065 540 4136 divini:
568 4087 633 4133 nos
650 4089 792 4156 quoqne
810 4067 1001 4155 cogitantes
1019 4069 1062 4134 de
1117 4080 1227 4156 1555,

85 4163 142 4238 hoc
170 4169 372 4238 testimonio
407 4167 522 4237 divini
556 4167 686 4236 amoris
718 4189 800 4256 erga
826 4191 911 4252 nos,
944 4169 1061 4259 ipsum

85 4269 184 4340 hlium
205 4269 276 4340 Dei
301 4271 482 4339 custodem
503 4265 682 4337 Ecclesiae
708 4292 911 4360 precemur,
944 4283 985 4338 ut
1010 4271 1062 4340 fa·
1129 4295 1143 4302 ··

86 4371 159 4454 ciat,
181 4387 220 4442 nt
244 4372 290 4442 sit
312 4371 397 4440 felix
422 4370 508 4438 anni
530 4369 745 4440 enrricnlnm
767 4369 870 4439 nobis
885 4371 1063 4444 omnibns.
1136 4435 1147 4470 r

87 4465 153 4542 Oro
177 4474 286 4562 igitur
306 4473 440 4564 ipsum,
470 4484 510 4540 nt
532 4483 566 4539 et
590 4465 658 4540 hoc
687 4496 782 4540 anno
806 4469 1062 4542 Celsitudinem
1116 4433 1309 4560 Q·

86 4585 218 4644 tuamet
239 4575 497 4667 illustrissimos
516 4587 694 4664 parentes,
720 4574 844 4643 fratres
867 4589 901 4643 et
925 4593 1063 4642 sorores

88 4689 187 4746 servet
204 4677 412 4748 incolumes.

1964 4545 2103 4577 Μ

1410 4617 1462 4705 G.
1494 4621 1818 4712 Bncbbolzero.

1219 4777 1319 4834 Manlii
1338 4779 1435 4852 iarrag.
1454 4800 1481 4854 p.
1495 4779 1545 4834 249
1559 4799 1599 4852 sq.

174 4873 311 4943 Munus
324 4873 427 4942 etiam
443 4885 543 4940 tuum
558 4871 627 4940 luit
644 4894 685 4940 eo
703 4865 794 4940 mihi
811 4872 955 4962 gratius,
980 4872 1063 4963 quia
1550 4869 1555 4882 '

87 4971 120 5041 in
138 4977 219 5043 anni
245 4974 348 5045 initio
370 4969 569 5043 exhibitum
596 4985 661 5043 est:
688 4975 748 5040 sed
771 4975 932 5067 symbolo
954 4974 1064 5062 signi-

71 5073 172 5145 ·firari
186 5101 278 5146 nova
295 5075 485 5151 certamina
502 5073 634 5156 iudico,
657 5073 841 5166 inquibus
858 5076 962 5152 nobis
975 5099 1066 5166 opus

89 5177 147 5246 erit
169 5179 230 5248 illa
251 5178 424 5265 anguium
438 5176 771 5266 circumspectione,
796 5179 840 5246 de
856 5177 1067 5276 qualoqni-
1445 5247 1449 5257 ,
1495 5263 1497 5268 ,
1558 5255 1562 5267 ,

89 5280 238 5350 turfilius
252 5277 329 5363 Dei,
356 5301 435 5347 cum
451 5277 551 5346 iubet
565 5278 790 5370 prudentiam
807 5293 1010 5371 serpentum
1027 5281 1066 5349 in
1119 5271 1332 5355 Reverende
1356 5285 1430 5367 vir,
1457 5297 1493 5356 et
1515 5280 1717 5356 charissime
1744 5279 1868 5359 frater}
1895 5291 2000 5363 Scitis
2023 5301 2110 5368 scri-

91 5385 228 5468 tegendo
247 5382 359 5473 capite
375 5377 569 5452 imitari·
674 5467 689 5480 ..
943 5465 950 5480 ,
1064 5458 1067 5471 ,
1121 5403 1219 5480 ptum
1243 5409 1332 5472 csse,
1354 5384 1570 5562 3²³²¹¹2⁸6q2¹l
1591 5389 1757 5478 intelligit
1780 5413 1885 5483 super
1908 5417 2057 5486 egenum
2075 5413 2110 5470 et

1115 4927 1327 5007 Reverendo
1344 4933 1433 5021 rr'ro,
1460 4945 1520 5005 etc.
1543 4931 1595 5004 D.
1624 4929 1801 5030 Georgi
1806 4963 1846 5024 o,
1868 4945 2018 5038 pastori
2029 4942 2106 5021 Ec-

1116 5031 1245 5106 clesiae
1270 5031 1350 5106 Dei
1372 5039 1410 5106 in
1436 5035 1522 5107 urbe
1548 5033 1703 5153 Accion,
1728 5038 1857 5138 fratri
1877 5068 1945 5116 sno
1964 5042 2109 5122 charis.

1558 5162 1662 5212 simo.
