4712 5828
75 259 152 342 260
651 256 1079 339 sets'roLaattM
1130 257 1239 338 tta.
1263 259 1348 336 ΧΠ.
1403 259 1533 340 teta
2026 261 2103 345 2⁷0

73 428 183 528 Μ’),
209 459 275 504 nec
291 449 407 506 tamen
422 459 548 526 magna
562 459 643 506 cura
658 435 858 505 onerandus
872 445 934 508 est
959 430 1061 504 Dabo
1128 429 1195 506 No.
1214 428 1328 506 5687.
1781 455 1811 515 1.
1830 441 1914 506 Mitt.
1939 441 1987 524 (a.
2002 439 2074 522 ai)

74 561 198 607 rursus
220 538 251 606 ei
277 551 522 630 argumentum
545 561 611 606 nec
632 538 777 606 insuave
794 561 858 605 nec
870 536 1060 626 prolixum,
1116 527 1328 568 Μ
1746 539 2098 582 Μ

76 653 109 708 et
132 663 299 732 quaeram
326 653 532 730 patronum,
565 639 626 734 qoi
650 639 775 708 inm'tet
788 637 968 728 ingenium
986 635 1060 702 eires
1437 629 1581 752 Wolf,
1609 633 1763 724 Fugio,

72 741 286 810 munusculo
314 741 369 808 vel
395 765 469 810 mea
495 765 609 814 causa.
661 739 773 829 spero
790 739 1011 829 profuturam
1028 737 1058 805 ei

72 841 313 911 assiduitatem
337 841 373 909 in
393 841 571 925 docendo,
597 865 685 934 quae
702 841 853 910 abducat
868 863 947 909 eum
966 865 984 908 a
1001 861 1057 905 so-

71 943 224 1022 dalitiis,
262 952 296 1013 et
328 955 446 1011 tamen
479 943 617 1011 labores
649 939 778 1012 habeat
808 963 882 1010 non
916 940 1057 1012 nimios.
1313 981 1356 1054 D
1402 981 1549 1086 Wolf
1581 1012 1639 1056 an
1684 1009 1705 1058 ⁰
1737 979 1892 1058 Fusio

71 1041 195 1130 Quare
221 1043 378 1116 intentus
410 1067 470 1112 cro
494 1043 530 1112 in
557 1044 778 1126 occasiones,
815 1056 855 1112 ut
878 1041 916 1109 in
937 1035 1056 1109 schola
1357 1040 1367 1062 '
1547 1011 1575 1082 g
1636 1012 1675 1112 ,ἶ

68 1145 191 1238 aliqua
212 1143 382 1214 mediocri
406 1144 556 1230 serviat,
588 1145 652 1214 uhi
674 1145 842 1233 collegam
865 1143 974 1212 fidum
993 1137 1058 1209 ha·
1109 1121 1158 1211 S.
1182 1136 1230 1209 D.
1280 1133 1483 1208 Clarissimo
1500 1139 1553 1208 vir
1569 1152 1603 1208 et
1617 1138 1727 1210 amice
1743 1134 1964 1224 charissime,
1990 1136 2095 1214 Hauc

68 1246 165 1318 licat.
217 1243 276 1316 Tu
298 1261 444 1337 paterno
467 1246 587 1316 animo
608 1267 708 1314 sanes
730 1268 819 1338 quae
840 1243 956 1313 sanari
974 1265 1056 1333 pos·
1108 1241 1250 1308 brevem
1268 1241 1449 1330 epistolam
1468 1241 1548 1309 dedi
1567 1240 1778 1310 adolescenti
1797 1233 1960 1320 Gallico,
1985 1233 2096 1312 Petro

67 1360 165 1420 sunt.
216 1341 266 1418 Et
280 1369 343 1436 ego
358 1347 429 1417 mei
443 1347 509 1416 lilii
524 1359 684 1418 naturam
699 1345 811 1417 tolero
830 1359 863 1414 et
876 1355 1058 1435 utcunque
1108 1329 1249 1410 Crasso
1264 1337 1550 1434 Sylranecteasi,
1575 1355 1657 1412 nato
1675 1343 1713 1410 in
1728 1341 1860 1410 familia
1876 1343 1989 1412 nobili
2006 1365 2092 1432 gen-

66 1469 172 1535 rego,
198 1462 230 1518 et
248 1448 420 1538 plurimos
434 1461 548 1540 patres
564 1443 656 1518 hanc
672 1441 866 1519 ἐπιείκειαν
880 1467 960 1536 erga
976 1467 1057 1514 suos
1107 1441 1154 1512 tis
1167 1435 1392 1529 Flaacicae,
1424 1467 1496 1512 non
1522 1443 1643 1535 procul
1660 1467 1679 1511 a
1697 1434 1872 1528 Lutetia,
1899 1459 1939 1514 ut
1956 1443 2092 1514 aditum

65 1571 228 1620 exercere
244 1572 383 1622 necesse
401 1563 462 1622 est.
514 1547 610 1620 Haec
627 1573 705 1620 cum
721 1547 936 1639 scripsissem
952 1546 1055 1616 allata
1108 1543 1153 1612 ad
1177 1555 1213 1614 te
1236 1537 1373 1614 habeat.
1432 1543 1513 1614 Non
1537 1545 1625 1636 petit
1646 1543 1850 1634 pecuniam,
1878 1545 1973 1614 vivet
1996 1547 2090 1614 enirn

66 1661 120 1718 est
140 1649 251 1733 fama,
274 1647 427 1722 Romam
448 1673 469 1720 a
487 1646 602 1720 Gallis
622 1662 827 1740 occupatam
850 1671 935 1721 esse.
985 1645 1055 1718 Sed
1106 1667 1171 1714 suo
1195 1659 1359 1736 sumptu,
1387 1647 1525 1738 quaerit
1547 1645 1678 1714 alicubi
1692 1646 1870 1716 scribendi
1883 1667 2025 1736 operas,
2051 1661 2092 1718 nt

65 1743 155 1818 haec
180 1746 347 1822 historica
370 1752 414 1820 de
431 1771 554 1840 regom
570 1752 754 1824 furoribus
768 1751 906 1824 omitto.
958 1746 1055 1818 Bene
1107 1745 1265 1836 linguam
1296 1739 1559 1816 Germanicam
1593 1759 1758 1816 marceat.
1823 1744 1991 1839 Comperi
2018 1769 2092 1818 essa

64 1851 157 1924 vale.
210 1850 268 1924 18,
284 1847 401 1945 April,
1105 1848 1322 1933 modestum,
1356 1861 1389 1918 et
1408 1848 1560 1920 iustitiae
1576 1862 1762 1918 amantem.
1814 1846 1953 1936 Quaeso
1970 1861 2008 1920 ut
2025 1873 2092 1942 pro

434 1983 436 1988 v
807 1947 1006 2044 Philippus.
1106 1961 1166 2016 tua
1188 1949 1376 2038 prodentia
1398 1964 1430 2020 et
1455 1951 1585 2020 virtute
1601 1949 1765 2020 ostendas
1781 1943 1919 2019 homini
1937 1953 2090 2042 peregri-

1105 2071 1153 2118 no
1178 2073 1259 2118 vere
1281 2049 1418 2122 laudari
1438 2045 1642 2146 Mysorum
1667 2045 1940 2141 hospitalitatem
1966 2053 2003 2120 in
2018 2048 2089 2122 Ar-

1102 2147 1303 2244 gonautica
1318 2153 1483 2248 carmine.
1534 2151 1632 2224 Bene
1649 2151 1739 2224 vale.
1789 2149 1934 2228 Calend.
1953 2151 2054 2224 Maii.

61 2283 129 2353 No.
148 2281 262 2361 5586.
864 2291 938 2366 (19.
955 2287 1053 2371 Api.)

68 2379 245 2412 Μ
873 2379 2088 2424 ’,ΝΜ-*Μ

1180 811 1265 886 Epist.
1279 810 1325 868 lib.
1341 811 1377 868 ll.
1396 829 1423 883 p.
1438 811 1488 866 575
1502 829 1542 884 sq.
1560 809 1616 881 (ed.
1627 809 1717 868 aaut.
1729 813 1775 870 tit.
1787 811 1825 869 ll.
1843 831 1885 884 ep.
1896 810 1983 875 599&

326 2485 479 2572 Ioaale.
510 2483 788 2574 Ganeerareo.
1114 2549 1181 2623 No.
1199 2549 1314 2626 5588.
1768 2569 1799 2630 1.
1814 2560 1901 2626 Mati.
1926 2560 1973 2641 (t.
1990 2561 2062 2642 aa)

129 2644 216 2715 epm
229 2645 263 2702 sa
277 2645 415 2704 omme.
435 2666 461 2718 p.
473 2645 536 2706 sss.
556 2646 610 2718 (aa.
626 2645 715 2703 sona.
734 2645 782 2702 m.
796 2645 843 2700 ιν.
861 2663 904 2720 ap
918 2645 1003 2714 esea.
1107 2647 1319 2689 ων»
1731 2647 2089 2740 w

58 2791 288 2873 Clorr'ssimo
311 2801 389 2873 viro
413 2797 614 2872 eruditione
638 2811 670 2869 et
692 2775 820 2871 virtute
841 2803 1054 2899 praestanti
1365 2751 1428 2846 Α·
1458 2755 1824 2867 Hardenbergw·

150 2899 312 2982 [vach.
339 2897 513 2979 comer.
531 2903 660 3004 fratri
672 2923 740 2972 Suo
758 2903 963 2994 carissimo,
1169 2928 1239 3002 Epp,
1252 2901 1483 3006 aelllardenberg.
1500 2953 1544 3007 ep.
1555 2933 1583 2988 7.

59 3039 107 3126 S.
132 3051 179 3124 D.
230 3051 329 3124 Duas
349 3054 454 3124 mitto
477 3053 663 3145 epistolas,
698 3053 843 3124 alteram
869 3054 907 3124 in
928 3071 1047 3129 nostra
1277 3101 1322 3175 D
1874 3107 1882 3124 .

59 3155 138 3223 aula
163 3155 348 3247 scriptam,
381 3180 471 3248 quae
493 3156 593 3226 iubet
615 3178 680 3226 nos
702 3157 865 3226 accedere
884 3154 1048 3252 Naopyr-
1324 3161 1333 3181 '
1356 3103 1551 3179 Album
1576 3102 1909 3202 Hmd‘b‘rgm

58 3278 161 3342 gaam,
187 3255 218 3328 si
242 3257 403 3326 venerint
421 3281 462 3325 eo
479 3253 620 3326 Suevici
636 3251 812 3346 Theologi
829 3271 863 3328 et
878 3253 1048 3334 Hassiaci.
1099 3236 1149 3326 S·
1176 3251 1222 3327 D.
1273 3251 1482 3328 Reverendo
1504 3259 1577 3338 vir,
1609 3272 1643 3328 et
1661 3258 1836 3328 carissime
1854 3259 1978 3328 frater:
2015 3251 2084 3328 Dei

57 3353 220 3424 Alteram
234 3381 319 3426 vero
335 3359 500 3448 scriptam
514 3359 557 3426 ad
576 3381 649 3442 me,
674 3357 713 3424 in
731 3381 800 3448 qua
817 3358 856 3426 in
868 3357 1051 3436 prussiam¹
1098 3355 1269 3424 bertelicio
1293 3353 1409 3428 adhuc
1432 3359 1619 3429 mediocria
1644 3373 1725 3430 sunt
1741 3355 1991 3431 Doctrinarum
2010 3375 2086 3428 stu-

56 3481 178 3540 vocor,
202 3459 394 3549 quoaudio
410 3458 607 3528 rediturum
623 3481 695 3528 esse
711 3449 919 3527 Iohannem
933 3461 1048 3531 Auri·
1099 3457 1155 3524 dia
1182 3457 1220 3524 in
1245 3451 1310 3526 hac
1333 3461 1473 3534 vicinia.
1524 3457 1701 3532 Ecclesiae
1725 3461 1829 3530 etiam
1853 3459 1961 3548 magis
1977 3461 2081 3530 llore-

58 3553 225 3646 fahram.
282 3558 364 3630 Scio
390 3574 423 3629 te
443 3571 620 3652 utranque
640 3559 825 3650 epistolam
851 3562 1046 3633 admiratu.
1099 3571 1194 3641 rent,
1222 3557 1252 3626 si
1277 3559 1499 3654 disciplinam
1523 3575 1685 3631 curarent
1703 3559 1883 3651 Principes
1906 3575 1940 3629 et
1956 3563 2081 3630 caeteri

56 3683 134 3726 rum
160 3681 245 3731 esse.
308 3659 377 3730 Sed
404 3656 471 3728 hoc
492 3661 646 3730 seculum
669 3661 739 3730 tale
763 3673 830 3744 est,
857 3661 990 3732 subitas
1013 3677 1047 3733 et
1097 3658 1371 3748 gubernatores,
1392 3663 1451 3756 qui
1466 3663 1544 3732 ideo
1562 3675 1688 3752 gerunt
1705 3685 1814 3746 armo,
1832 3675 1872 3730 ut
1887 3661 1956 3731 sint
1974 3661 2080 3730 disci-

57 3759 287 3848 negociorum
303 3773 337 3831 et
352 3763 574 3831 voluntatum
591 3761 806 3832 mutationes
821 3757 940 3836 habet.
971 3761 1046 3836 Nos
1096 3757 1215 3852 pllnde
1236 3765 1407 3832 custodes·
1458 3761 1581 3852 Dirigo
1600 3763 1709 3854 igitur
1724 3777 1759 3833 et
1776 3762 2032 3854 disputationes
2046 3777 2082 3834 et

58 3885 199 3930 oremus
215 3859 328 3930 tilium
340 3859 427 3946 Dei,
454 3875 493 3931 ut
506 3886 570 3931 nos
587 3865 774 3951 gubernet,
801 3876 835 3932 et
850 3879 964 3935 servet
979 3867 1045 3935 ali-
1096 3859 1163 3930 a'lia
1189 3885 1265 3930 mea
1287 3863 1413 3956 scripta
1436 3865 1478 3932 ad
1502 3861 1797 3934 consociationem
1812 3857 1938 3934 irarum
1954 3861 2080 3936 Eccle-

57 3985 141 4052 quas
157 3957 336 4032 Ecclesiae
358 3986 441 4034 suae
465 3963 651 4056 reliquias,
678 3975 792 4036 etnos
808 3965 902 4042 inea
919 3983 1043 4040 servet.
1095 3963 1226 4032 siarum
1250 3975 1284 4033 et
1307 3965 1349 4034 ad
1378 3962 1645 4054 explicationem
1673 3965 1939 4056 praecipuarum
1966 3977 2079 4032 mate-

57 4059 173 4131 Tuam
189 4057 384 4132 Ecclesiam
403 4065 627 4134 domesticam
643 4079 726 4154 opto
740 4066 871 4134 salvam
889 4092 927 4136 ac
944 4069 1043 4160 inco·
1095 4053 1246 4148 riarum,
1279 4089 1365 4156 qrras
1387 4063 1485 4138 velut
1501 4067 1539 4134 in
1553 4060 1747 4160 κατηχήσω
1768 4067 1849 4136 sciri
1866 4079 2079 4134 necessecst.

56 4163 187 4232 lumem
213 4187 297 4238 esse.
356 4163 453 4236 Bene
477 4178 512 4235 et
531 4163 680 4236 feliciter
702 4163 791 4240 vale.
820 4162 833 4172 '⁴
854 4163 941 4240 Cras
966 4164 1041 4241 Deo
1093 4159 1142 4236 Et
1164 4189 1227 4234 oro
1242 4161 1310 4236 Dei
1327 4163 1458 4239 Filium
1483 4159 1613 4266 λόγον,
1634 4182 1687 4238 'ut
1702 4169 1775 4260 ipse
1789 4192 1845 4234 ine
1861 4180 1894 4236 et
1908 4165 1994 4236 alios
2010 4167 2077 4234 do-

54 4263 199 4333 iuvante
215 4264 283 4334 iter
295 4267 490 4361 ingrediar,
518 4267 562 4336 ad
579 4290 642 4336 vos
656 4262 865 4340 accessurus.
1094 4279 1168 4334 ceat
1181 4281 1215 4336 et
1231 4282 1335 4358 regat.
1371 4267 1472 4340 Meos
1488 4267 1627 4340 dolores
1642 4293 1758 4336 coram
1774 4267 1876 4338 vobis
1891 4268 2089 4358 exponam.'

386 4371 391 4382 '
560 4359 563 4368 ⁴
633 4362 637 4378 ’
701 4353 708 4373 '
793 4363 990 4462 Philippus.
1093 4362 1147 4438 De
1167 4359 1271 4453 bellis
1294 4393 1368 4440 non
1390 4367 1479 4440 libet
1499 4367 1662 4440 scribere.
1736 4360 1920 4458 Vag'ontnr
1944 4361 2076 4458 poenae

840 4482 854 4502 ‘·
1093 4491 1154 4556 per
1177 4492 1285 4556 genus
1307 4465 1500 4538 humanum
1522 4463 1671 4560 propter
1688 4469 1797 4540 multa
1819 4486 1853 4540 et
1872 4456 2073 4560 magri’de-

1091 4567 1184 4643 licta.
1243 4565 1340 4637 Inter
1362 4563 1425 4638 has
1449 4594 1599 4660 poenas,
1632 4585 1672 4640 ut
1694 4585 1807 4641 servet
1828 4567 1925 4639 Deus
1983 4564 2073 4638 cole-

66 4697 132 4766 Νι).
153 4742 194 4755 -
224 4689 274 4752 4,
391 4707 394 4714 ι
903 4731 935 4768 m
964 4705 1030 4792 ΑΨ
1091 4666 1200 4747 siam,
1220 4681 1294 4737 toto
1311 4693 1391 4738 eum
1407 4685 1546 4762 pectore
1562 4673 1742 4742 vobiscum
1759 4699 1833 4744 oro.
1861 4668 1915 4739 De
1932 4663 2074 4740 Curato

58 4793 272 4832 ww
354 4843 358 4859 ,
437 4842 467 4867 =.=
518 4848 521 4859 ,
591 4801 776 4868 Μ
900 4755 1039 4826 ⁹⁶³⁶:
1091 4767 1119 4836 Sl
1136 4769 1221 4860 quid
1239 4772 1324 4838 certi
1340 4767 1487 4857 habetis,
1508 4773 1677 4859 significa.
1699 4766 1780 4860 ζώει
1796 4767 2071 4872 ὅγ’ἠτὲθνηκε,

371 4881 700 5004 (Praefatio.)
727 4943 752 4979 ,a
842 4940 883 4985 'p
1035 4954 1038 4965 ,
1090 4864 1207 4945 κακὸν
1221 4863 1262 4942 dd
1284 4866 1469 4964 ἀνεμώλια
1486 4867 1629 4965 βάζειν.
1669 4873 2073 4946 Beneeeteticitervate

118 5041 324 5097 prutenorum
341 5039 385 5108 ,Μ
386 5040 497 5108 dmm
500 4981 1043 5128 ffiffvjwmmwfflb'wwi
1090 4983 1124 5041 et
1138 4971 1319 5132 rescribet..
1349 4971 1427 5049 Cal.
1444 4974 1546 5050 Maii.
1822 5071 1917 5145 pm·
1980 5071 1985 5086 .

151 5111 264 5169 &tantm
283 5111 334 5168 snb
354 5097 473 5181 zuiualt
489 5121 558 5175 ete..
574 5112 635 5167 nde
653 5129 746 5167 mense
764 5111 858 5185 sepo.
876 5132 941 5168 anor
960 5113 1037 5171 15⁵3.
1879 5097 2021 5168 ''l’lm

300 4493 303 4502 t
363 4506 367 4518 ι
447 4506 450 4514 Ι
470 4488 497 4518 'A
516 4489 521 4501 l
618 4502 621 4514 Ι
663 4486 667 4495 ¹

56 4545 1043 4592 ww-

293 4627 298 4636 l
332 4622 334 4639 ι
363 4641 366 4650 ,
610 4617 613 4627 “
651 4619 656 4628 ·
700 4621 709 4644 χ
808 4627 813 4646 ,
928 4624 948 4646 „¹

624 4702 628 4716 ,
665 4671 676 4704 Ι

82 5339 111 5398 ⁹)
129 5335 192 5388 Vid.
204 5349 286 5403 sopra
300 5327 391 5400 aaut
407 5269 753 5386 rotundissimo-mid.
762 5269 849 5386 aas.
859 5327 939 5398 laus
953 5345 1037 5402 quare

118 5407 186 5459 benc
198 5421 241 5474 ep.
254 5399 289 5454 sd
302 5397 378 5452 laone
389 5415 489 5452 annum
503 5395 597 5454 retuli.
765 5429 769 5440 ·
800 5410 808 5447 e
946 5434 955 5448 .
