4712 5828
219 203 294 274 348
795 187 1224 266 EPISTOLARUM
1272 191 1377 266 ΗΒ.
1401 191 1483 272 llll.
1536 193 1669 274 1664.
2180 188 2260 262 844

224 369 295 466 pho
320 395 355 440 se
378 369 443 440 toti
464 367 584 458 generi
609 359 767 434 humano
788 365 966 450 ostendet,
1003 378 1038 436 et
1070 361 1210 436 abiiciet
1262 377 1297 436 et
1329 385 1391 438 sua
1421 367 1517 438 dona
1548 366 1715 458 deinceps
1747 362 1850 437 vobis
1880 363 2076 438 clementer
2107 361 2256 434 tribnat.

150 529 163 544 .
226 473 341 546 hostes
362 473 401 540 in
423 483 584 542 aeternos
610 466 804 551 cruciatus,
840 478 875 536 et
896 462 1090 538 Ecclesiam
1111 489 1211 536 suam
1263 463 1375 561 Saepe
1398 469 1504 540 etiam
1526 468 1647 560 legens
1661 469 1702 538 in
1719 462 1775 538 his
1789 464 1941 538 Psalmis
1952 461 2133 538 Ecclesiae
2147 487 2254 536 aeru-

225 578 376 646 adducet
395 575 441 642 ad
463 584 645 642 aeternum
668 582 822 660 patrem,
847 569 910 660 qui
925 570 1041 662 palam
1055 590 1129 638 sese
1144 591 1210 638 no-
1263 593 1364 640 muas
1390 585 1425 642 et
1449 571 1704 663 protectionem
1736 568 1916 652 divinam,
1955 566 2099 640 intueor
2123 567 2254 638 urbem

225 678 281 750 bis
294 673 519 757 monstrabit,
546 671 631 742 etio
647 693 713 740 nos
728 693 827 740 suam
842 669 969 756 lucem,
995 670 1212 762 sapientiam,
1264 685 1415 743 vestram
1444 687 1612 766 tanquam
1644 671 1860 763 exemplum,
1893 683 1928 741 ct
1956 692 2107 760 gemens,
2124 691 2257 760 precor

226 779 398 850 iustitiam
421 789 466 846 'et
491 773 660 844 laetitiam
686 773 920 845 transfundet.
978 767 1026 842 Et
1051 767 1110 842 hic
1138 772 1211 863 ipse
1264 770 1398 861 Deum,
1430 788 1472 846 ut
1493 775 1719 864 difficultates
1740 773 1869 858 leniat,
1901 795 1992 865 quae
2010 795 2071 841 vos
2086 793 2257 841 uerene-

226 882 339 966 lilius,
371 870 479 976 λόγος
504 873 638 946 aeterni
664 873 793 965 patris,
826 868 894 944 hoc
920 877 1047 958 modo,
1078 887 1113 946 et
1138 897 1213 942 non
1264 888 1350 946 runt
1368 877 1476 968 longo
1497 877 1568 946 iam
1594 890 1761 968 tempore.
1812 873 1967 968 Fuitque
1989 873 2048 944 vel
2062 871 2257 965 praecipua

227 983 341 1064 aliter,
366 979 502 1069 colligit
516 991 695 1048 aeternam
709 971 916 1056 Ecclesiam,
941 976 1105 1048 videlicet
1118 975 1213 1064 cogi·
1266 999 1387 1062 causa,
1411 1003 1476 1050 cur
1492 977 1530 1048 in
1549 971 1616 1050 hae
1632 977 1787 1050 editione
1802 976 1909 1049 vestri
1924 975 2143 1046 mentionem
2157 975 2257 1044 faee-

228 1085 361 1156 tatione
393 1077 501 1151 huius
526 1079 726 1163 doctrinae,
758 1101 847 1170 quae
872 1077 912 1147 in
938 1073 1155 1169 propheticis
1180 1091 1214 1150 et
1266 1103 1358 1166 rern,
1381 1093 1422 1151 ut
1444 1081 1649 1166 ostendam,
1679 1104 1737 1150 me
1757 1103 1841 1152 vero
1860 1077 2090 1150 doloreaffici
2106 1089 2258 1168 propter

228 1182 431 1278 apostolicis
454 1181 556 1253 libris
578 1180 704 1270 scripta
721 1191 782 1250 est.
832 1177 991 1268 Legendi
1006 1192 1090 1249 sunt
1106 1179 1215 1270 igitur
1267 1177 1375 1252 huius
1395 1182 1494 1253 urbis
1518 1183 1694 1274 pericula,
1720 1195 1756 1254 et
1771 1205 1828 1252 me
1843 1205 1885 1250 ex
1904 1175 1961 1250 his
1974 1180 2134 1250 fontibus
2151 1177 2259 1246 vide-

130 1322 136 1334 ,
228 1285 362 1358 Psalmi
383 1297 418 1354 et
439 1281 662 1366 illustrandi,
692 1293 727 1350 et
748 1280 864 1350 studia
887 1281 1098 1352 discentium
1120 1279 1214 1350 invi·
1267 1285 1349 1355 licet
1363 1283 1534 1370 Psalmis,
1560 1279 1705 1355 haurire
1725 1283 2014 1354 consolationem.
2066 1277 2115 1352 Et
2138 1303 2259 1373 quan-

150 1415 153 1422 ’
230 1391 336 1460 tanda
357 1399 457 1458 sunt:
489 1386 585 1479 quod
602 1382 748 1474 plurimi
763 1383 921 1452 fecerunt
937 1382 1052 1472 longis
1072 1406 1215 1454 enarra·
1267 1409 1372 1478 quam
1382 1409 1447 1478 pro
1464 1400 1578 1456 vestra
1592 1375 1762 1479 sapientia
1778 1399 1814 1458 et
1828 1385 1958 1478 pietate
1973 1407 2014 1453 ex
2029 1383 2157 1453 iisdem
2172 1381 2261 1451 son-

229 1490 405 1575 tionibus,
436 1487 498 1556 alii
521 1485 669 1590 redditis
692 1485 877 1554 sententiis
901 1507 1025 1574 graeco
1048 1485 1215 1568 carmine,
1267 1487 1364 1558 tibus
1383 1489 1661 1560 consolationem
1684 1501 1719 1560 et
1738 1490 1850 1560 robur
1871 1487 2072 1557 animorum
2087 1478 2259 1554 hauritis:

229 1593 292 1663 alii
313 1591 438 1664 latino.
487 1585 620 1658 Extant
643 1609 764 1656 versus
786 1585 981 1655 dulcissimi
996 1579 1215 1677 Apollinaris
1267 1603 1385 1662 tamen
1400 1590 1552 1660 sciebam
1562 1591 1664 1662 vobis
1678 1602 1817 1680 gratum
1833 1613 1906 1662 esse
1920 1587 2076 1659 officium
2091 1585 2260 1656 omnium

232 1707 265 1764 et
285 1693 421 1788 aliquot
437 1689 570 1761 Psalmi
593 1713 613 1759 a
631 1679 826 1756 Ioachr'mo
843 1675 1062 1758 Camerario
1084 1689 1215 1778 graecis
1268 1691 1491 1778 docentium,
1524 1693 1586 1786 qui
1608 1693 1653 1764 ad
1674 1687 1761 1762 haec
1784 1691 1860 1784 ipsa
1881 1690 2036 1761 remedia
2057 1711 2121 1758 vos
2142 1689 2261 1757 dedu-

231 1796 391 1866 versibus
404 1791 582 1886 splendidi
598 1790 745 1882 expositi
760 1803 854 1863 sunt.
906 1786 1090 1860 Euhanus
1105 1791 1215 1860 latino
1269 1805 1366 1869 eunt.
1415 1793 1523 1864 Hunc
1535 1794 1644 1885 igitur
1658 1795 1816 1865 laborem
1831 1794 1933 1864 vobis
1948 1791 2071 1876 offero,
2093 1814 2134 1860 ae
2149 1790 2260 1858 simul

231 1897 385 1968 carmine
401 1909 513 1966 totum
529 1891 678 1964 Davidis
694 1913 783 1983 opus
800 1891 977 1978 reddidit,
1003 1894 1098 1986 quod
1115 1906 1217 1962 antea
1269 1907 1344 1965 toto
1365 1907 1505 1986 pectore
1527 1921 1590 1966 oro
1606 1897 1720 1967 filium
1733 1893 1800 1966 Dei
1816 1895 2002 1966 dominum
2018 1905 2184 1963 nostrum
2202 1891 2262 1960 Ic-

230 2001 313 2068 fecit
334 2022 450 2069 nemo.
502 1993 638 2064 Multos
655 1992 813 2064 Psalmos
835 2007 870 2063 et
885 1986 1078 2064 Iohannes
1096 1989 1218 2087 Stige-
1255 2011 1348 2068 'sum
1364 1991 1565 2080 Christum,
1598 1998 1802 2068 crucifixum
1822 2022 1886 2090 pro
1902 1997 2006 2068 nobis
2021 1993 2261 2064 etresuscita-

232 2097 308 2169 lius
331 2097 552 2170 ornatissime
566 2096 734 2168 reddidit.
783 2087 1217 2168 Letherusnontantum
1270 2112 1364 2185 tum,
1390 2102 1570 2182 custodem
1584 2095 1762 2171 Ecclesiae
1784 2123 1886 2184 suae,
1911 2096 2092 2193 quidixit:
2126 2089 2261 2164 habete

233 2201 415 2272 transtulit
437 2225 477 2270 ex
497 2195 634 2268 Ebraea
659 2198 780 2287 lingua
803 2197 981 2288 integrum
1006 2197 1216 2268 Psalterium
1271 2199 1311 2270 in
1336 2197 1436 2271 robis
1454 2197 1571 2272 sulem
1585 2209 1617 2272 el
1630 2199 1715 2272 sitis
1730 2195 1920 2272 concordes
1937 2200 2030 2270 ahter
2044 2221 2126 2284 ros,
2149 2197 2261 2268 utfa-

233 2307 271 2374 in
289 2302 542 2394 germanicam,
573 2301 634 2370 sed
653 2300 757 2370 etiam
774 2300 897 2370 multis
912 2298 1062 2371 Psalmis
1078 2301 1117 2369 in
1133 2323 1218 2370 cau·
1271 2303 1359 2389 ciat,
1390 2317 1433 2374 ut
1453 2327 1591 2396 semper
1612 2317 1754 2376 maneat
1770 2304 1808 2372 in
1822 2300 1990 2374 Ecclesiis
2006 2315 2040 2372 et
2055 2299 2261 2392 pectoribus

232 2407 350 2476 tilenis
366 2403 504 2474 addidit
519 2396 773 2494 paraphrasim.
1271 2405 1403 2476 nostris
1418 2407 1469 2476 sal
1483 2403 1669 2497 Evangelii
1683 2407 1852 2487 sincems,
1874 2419 1909 2476 et
1920 2419 1962 2477 ut
1976 2407 2036 2474 det
2050 2415 2261 2495 perpetuam

334 2505 475 2576 Horum
491 2505 655 2575 voluntas
670 2515 761 2572 certe
775 2502 862 2584 fuit,
895 2499 962 2573 hoc
978 2529 1042 2574 suo
1059 2504 1218 2596 exemplo
1271 2507 1466 2578 ubertatem
1491 2509 1650 2580 fontibus
1674 2509 1776 2590 salis,
1805 2532 1894 2602 quos
1917 2531 1979 2578 sua
2000 2506 2168 2574 miranda
2184 2517 2259 2574 arte

234 2623 268 2680 et
297 2609 420 2678 labore
445 2606 597 2676 invitare
623 2605 732 2690 alios,
774 2619 814 2674 ut
839 2605 978 2696 saepius
1004 2607 1160 2695 legerent
1185 2619 1219 2675 et
1271 2611 1315 2678 ad
1337 2609 1551 2680 necessarios
1571 2605 1809 2682 humanorum
1826 2633 2015 2702 corporum
2032 2605 2261 2678 nsuscondi-

234 2707 659 2802 cogitarentPsalmorum
674 2706 885 2790 doctrinam,
912 2707 1218 2777 commonefactio-
1271 2711 1342 2782 dit:
1384 2713 1442 2782 cui
1461 2709 1619 2783 Domino
1641 2727 1763 2784 nostro
1787 2711 1867 2782 lesu
1887 2707 2050 2790 Christo,
2088 2709 2259 2780 crucifixo

233 2837 316 2898 nes,
349 2809 641 2883 comminationes
665 2821 700 2878 et
719 2807 988 2880 consolationes.
1048 2807 1139 2878 Nam
1161 2831 1218 2877 ar·
1271 2835 1336 2904 pro
1352 2815 1457 2884 nobis
1474 2828 1508 2884 et
1523 2817 1728 2886 resuscitato
1743 2815 1789 2886 sit
1806 2815 1883 2884 laus
1900 2827 1935 2884 et
1944 2813 2139 2904 gratiarum
2155 2811 2261 2888 actio,
2339 2865 2340 2886 2

233 2927 399 3004 gumenta
411 2903 623 3003 multiplicia
642 2923 736 2984 sunt.
769 2905 845 2978 Alii
860 2911 988 2981 docent
1001 2911 1133 3002 legem,
1155 2911 1217 2980 alii
1270 2911 1399 2986 Amen.
1449 2913 1562 2988 Datae
1584 2917 1623 2986 in
1643 2916 1776 2990 Salinis
1797 2915 1837 2986 in
1859 2915 1935 3009 ripa
1959 2915 2082 3002 Salac,
2111 2913 2262 2988 Calend.
2339 2893 2340 2908 ¹

231 3011 484 3104 Evangelium;
518 3013 580 3082 alii
600 3025 683 3083 sunt
695 3011 864 3097 fulmina,
890 3013 1020 3105 quibus
1036 3013 1111 3104 ipse
1125 3013 1218 3082 filius
1271 3015 1393 3109 septb,
1410 3041 1505 3089 anno
1523 3013 1633 3092 1554,

233 3114 301 3190 Dei
328 3117 410 3188 ferit
442 3114 590 3206 impios,
626 3115 687 3184 alii
719 3127 803 3184 sunt
833 3115 1038 3184 suavissima
1063 3115 1217 3184 remedia

233 3218 429 3290 moestitiae
450 3215 612 3307 piorum,
643 3239 733 3308 quae
749 3216 854 3302 longe
870 3228 1038 3306 superant
1051 3213 1228 3285 Homeri-·

233 3345 314 3390 cum
335 3313 529 3413 νηπενθές.
581 3317 673 3388 Nam
697 3340 781 3385 voce
796 3315 1019 3388 Psalmorum
1035 3318 1109 3408 ipse
1124 3317 1219 3387 filius
1271 3351 1326 3421 No
1361 3393 1477 3408 .....
1995 3365 2129 3428 svets
2160 3357 2236 3421 Set

231 3420 300 3492 Dei
331 3435 432 3492 sanat
455 3433 615 3512 pectora,
655 3418 746 3488 sicut
767 3418 885 3512 inquit
903 3415 1081 3489 Psalmus:
1122 3419 1219 3490 misit
1278 3405 1489 3489 <ow-‚s
1987 3383 2262 3491 ᾀ-φ-Ξρ

231 3525 381 3594 verbum
394 3543 497 3595 suum
518 3535 553 3592 et
566 3519 704 3592 sanavit
723 3541 792 3590 eos.
1764 3565 1768 3575 .
1834 3561 1842 3579 .
1876 3561 1885 3576 .

334 3605 482 3698 Secutus
508 3625 617 3715 igitur
639 3621 812 3693 iudicium
829 3636 863 3693 et
878 3623 1218 3714 exemplumlauda-
1594 3551 1938 3686 (Schdmt'qw‘)

232 3727 450 3798 tissimorum
474 3726 652 3806 virorum,
680 3725 811 3814 graecis
825 3725 986 3796 versibus
1000 3737 1115 3797 totum
1130 3749 1219 3817 opus
1341 3719 1489 3845 (Sggggffl
1507 3719 1738 3792 publicantium
1760 3719 1918 3790 videsupra
1937 3716 2170 3790 P⁰⁸²2th⁸⁵i
2188 3735 2263 3770 ¹⁰⁰⁰
2339 3731 2340 3810 t

232 3827 457 3899 Psalmorum
481 3829 639 3896 reddidi:
677 3849 782 3919 quam
807 3827 975 3912 feliciter,
1000 3827 1062 3897 alii
1083 3827 1219 3896 iudica·
1445 3791 1465 3857 '³

231 3932 335 4005 bunt.
394 3928 465 4001 Sed
493 3942 610 4000 tamen
638 3929 827 3997 sententias
851 3953 930 3998 cum
953 3929 1113 3999 fontibus
1132 3953 1219 3998 con-

233 4055 359 4124 gruere
381 4032 472 4102 scio:
507 4032 680 4124 aquibus
698 4029 855 4100 discedit
875 4030 1056 4101 interdum
1077 4025 1218 4121 Apolli·
1291 4101 1304 4136 s
2339 4083 2340 4108 ,

233 4137 347 4222 naris,
378 4146 517 4204 secutus
539 4157 614 4203 non
629 4127 804 4202 Ebraeam
825 4131 1013 4200 lectionem
1029 4133 1089 4201 sed
1105 4129 1218 4204 Grae-
1272 4097 1461 4174 5⁰·5662·
2118 4099 2262 4221 Q
2339 4137 2340 4200 l

1279 4196 1451 4226 ...νυ

234 4261 322 4308 cam.
375 4233 416 4306 ld
441 4259 530 4327 opus
556 4237 640 4330 quia
662 4233 850 4328 praecipue
862 4233 988 4303 vestris
1003 4233 1104 4320 filiis,
1130 4257 1219 4325 quos

233 4333 324 4408 mihi
358 4339 572 4408 erudiendos
607 4335 897 4421 commendastis,
933 4335 1076 4426 scripsi,
1117 4335 1219 4404 vobis
1599 4297 1653 4386 P·
1685 4295 1935 4384 Vincentia

234 4435 402 4525 exhibe03
437 4463 478 4508 ac
498 4440 675 4530 specimen
697 4438 780 4508 volo
801 4461 874 4508 esse
900 4438 1108 4510 nonsolum
1120 4459 1219 4507 meae
1341 4459 1586 4532 †Exspographo
1598 4460 1627 4514 io
1642 4459 1706 4515 eoa.
1719 4457 1805 4514 Part..
1816 4459 1855 4512 n.
1866 4457 1898 4515 1..
1912 4455 1973 4512 ομ.

233 4541 429 4612 sedulitatis
446 4541 486 4609 in
502 4535 570 4610 hoc
586 4563 732 4610 munere
747 4541 917 4625 docendi,
942 4541 1123 4610 sedetiam
1140 4541 1218 4632 piae

232 4644 426 4716 voluntatis
459 4664 539 4731 erga
564 4637 757 4712 Ecclesiam
791 4655 825 4712 et
856 4665 936 4730 erga
963 4637 1055 4712 hane
1082 4643 1219 4728 urbem,
1272 4615 1385 4695 D0m·
1408 4611 1549 4700 PWO
1576 4613 1847 4702 Vi⁷²⁶⁶nli⁰s
1867 4612 2112 4788 gubernandi
2129 4615 2260 4688 ⁸¹1¹AEss
2339 4693 2340 4700 ,

234 4769 340 4840 quam
373 4753 518 4837 propter
550 4743 679 4814 multas
711 4765 831 4812 causas
856 4767 1022 4814 veneror:
1062 4745 1218 4834 primum
1498 4717 1692 4790 metarum
1709 4717 1749 4789 ¹⁶1²
1767 4715 1854 4792 urbe
1909 4715 2030 4789 ubem-
2065 4799 2068 4810 ,

116 4865 118 4870 ’
234 4841 742 4940 ‘inii'1¹⁰⁵Piii¹¹¹¹¹E⁰⁰lisiae
773 4844 934 4936 Pr³⁰b⁸t²
977 4844 1107 4913 deinde
1135 4845 1217 4936 ‘1⁰5³
1272 4859 1320 4948 S.
1344 4872 1389 4947 D.
1439 4868 1651 4941 Doctissime
1666 4871 1772 4942 viret
1789 4868 1981 4940 clarissime
1996 4869 2115 4944 frater.
2168 4868 2261 4942 Cum
2339 4865 2340 4918 l

233 4948 325 5038 leges
341 4948 614 5038 etdisciplinam
630 4969 758 5038 magne
776 4946 898 5016 labore
913 4956 1034 5015 tuetur
1049 4959 1084 5016 et
1099 4946 1220 5016 litera·-
1273 4977 1343 5045 iam
1377 4975 1416 5042 pn
1443 4969 1609 5064 Anglgam
1641 4973 1786 5043 venisse·
1810 4963 2031 5068 Philippum
2057 4969 2261 5066 namma),
2339 4959 2340 4968 ¹

235 5074 314 5118 rum
338 5051 455 5120 studia
479 5049 593 5118 iuvat:
621 5050 705 5120 item
728 5050 811 5143 quia
835 5046 1007 5136 singulari
1030 5069 1218 5116 munerea
1666 5081 1669 5086 ·

234 5147 310 5220 Deo
333 5165 456 5222 ornata
479 5165 529 5220 est
544 5151 644 5219 venis
659 5151 751 5220 salis.
801 5147 899 5219 Haeo
914 5147 1033 5220 omnia
1050 5171 1130 5218 cum
1148 5148 1218 5218 sint

235 5275 314 5320 vere
330 5253 497 5322 beneficia
514 5251 600 5332 Dei,
622 5263 720 5340 grato
733 5266 872 5342 pectore
887 5266 1047 5323 autorem
1064 5249 1217 5320 celebro:

1307 5241 1333 5310 1>
1352 5238 1469 5294 Sieidan.
1485 5236 1514 5287 in
1534 5236 1688 5292 comment.
1705 5233 1740 5286 ad
1758 5252 1822 5291 anu.
1842 5232 1936 5290 lette
1987 5233 2128 5317 Philippus
2155 5235 2260 5304 (Caroli

235 5365 269 5420 gt
292 5375 373 5420 gum
395 5379 458 5422 oro
508 5368 548 5423 ut
569 5354 695 5424 urbem
719 5366 753 5422 et
773 5375 836 5422 vos
853 5366 1016 5424 servem
1079 5353 1102 5424 b
1338 5303 1562 5392 Qesarislhlius)
1587 5304 1687 5400 2le.
1706 5301 1767 5357 lulii
1791 5301 1864 5356 diem
1888 5319 1920 5357 er
1966 5303 2158 5374 ispantaeom
2177 5307 2260 5359 elam

468 5407 478 5436 ’
1031 5376 1078 5442 ΕΠ
1105 5365 1217 5439 emet,
1337 5395 1367 5434 m
1385 5376 1513 5448 Aoghem
1532 5371 1653 5446 appellet.
