4712 5828
58 256 137 330 2⁷7
546 298 569 334 x.
625 243 1053 322 uets'rouattutt

61 428 242 503 adversari
256 429 442 504 videamur
454 425 510 496 illi
518 421 751 498 Coloniarum
765 419 984 516 deductioni,
1002 417 1058 487 la-

62 531 166 602 cilius
190 545 349 604 nostram
372 553 516 621 operam
539 527 722 601 offerimus
744 523 857 598 vobis.
909 520 950 594 Si
971 519 1059 592 reti-

62 634 302 708 nebituristic
317 627 465 716 Scurio,
491 653 591 722 reges
604 653 687 701 eum
701 627 772 699 tuis
789 624 967 711 consiliis,
991 645 1058 692 nee

61 736 210 822 dubito,
242 737 319 810 fore
340 734 531 808 intuenda
552 731 804 804 coniunctione
831 739 945 798 vestra
967 725 1058 814 vigi-

62 840 196 908 lantem
221 853 257 908 et
280 839 435 912 firmum.
487 833 595 908 Mitto
612 833 771 926 exempla
787 830 968 923 proximae
985 827 1059 896 dis-

60 941 276 1032 putationis,
313 963 404 1034 quae
432 961 552 1010 meum
581 938 650 1006 iter
682 937 728 1006 ad
768 956 832 1004 vos
861 928 1059 1023 impedivit.

61 1039 161 1114 Bene
176 1056 210 1114 et
224 1043 376 1114 feliciter
390 1041 479 1113 vale.
531 1039 602 1112 Die
623 1038 660 1112 9.
673 1035 775 1110 Maii.

165 1199 403 1304 †Suerini*)
418 1205 475 1276 die
490 1205 527 1278 2.
535 1203 628 1276 Maii
641 1227 737 1277 anno
751 1197 861 1276 1554.
876 1211 1059 1292 conspecta

113 1307 203 1380 baec
215 1311 345 1403 species
366 1321 447 1403 post
466 1307 649 1378 meridiem
674 1306 868 1399 aprincipe
888 1317 924 1375 et
936 1299 1060 1372 multis

112 1413 196 1483 aliis
212 1436 338 1504 magna
354 1437 434 1484 cum
452 1410 738 1484 consternatione
752 1407 958 1490 multorum.

63 1559 110 1612 Sol
129 1577 234 1613 cruen-
270 1558 363 1630 Lupus
376 1553 509 1610 recedens
572 1563 630 1608 atra
644 1553 747 1620 nubes,
766 1561 792 1606 ct
806 1567 836 1604 cr
852 1548 925 1604 nube
938 1545 1033 1628 crebri·

116 1641 170 1682 tus.
309 1624 451 1680 adsolem.
539 1621 613 1695 globi
629 1613 1062 1682 velutbombardsrumemissr.''

103 1725 459 1992 uam
734 1719 890 1896 ff

69 2189 134 2264 No,
151 2185 266 2262 5597.

72 2285 246 2316 Μ

896 2199 955 2260 10.
967 2189 1052 2254 Maii.

883 2280 1055 2310 w

401 2373 498 2464 Sol.
529 2373 734 2462 Lirwkio.

135 2543 215 2607 Edita
233 2553 262 2606 to
280 2553 474 2610 utetecce’s
493 2549 632 2614 filantii.
652 2569 678 2621 p.
694 2548 754 2604 ⁴40.
791 2547 907 2614 (lam)

115 2703 298 2780 Studiose
320 2704 507 2779 doctrinae
531 2717 562 2776 et
586 2705 732 2776 virtutis
759 2701 1013 2776 Salomoni

414 2803 578 2892 ¹Iaincls
602 2808 640 2884 S.
660 2807 703 2882 D.

67 2950 228 3056 Semper
241 2975 276 3032 et
290 2962 398 3031 dilexi
415 2975 448 3033 et
463 2973 650 3031 veneratus
665 2981 742 3029 sum
762 2973 897 3052 patrem
914 2973 1016 3030 tuum
1025 2955 1063 3056 ¹),

69 3069 186 3136 virum
205 3063 493 3153 integerrimum,
520 3063 620 3133 cuius
642 3062 753 3153 pietas
769 3075 804 3132 et
824 3063 1006 3152 integritas
1021 3087 1062 3132 eo

67 3164 158 3237 mihi
171 3168 284 3256 magis
302 3179 386 3236 nota
404 3177 472 3250 est,
498 3189 603 3258 quam
621 3163 710 3249 aliis,
737 3164 819 3258 quia
835 3164 1062 3236 deliberatio-

69 3271 174 3340 nibus
200 3293 322 3338 rerum
353 3292 427 3336 non
452 3267 653 3358 vulgarium
686 3267 793 3336 simul
824 3266 1062 3336 interfuimus.

69 3372 121 3440 Te
145 3393 290 3464 quoque
311 3385 454 3462 propter
479 3384 662 3461 paternam
693 3368 886 3438 amicitiam
909 3369 1064 3460 comple-

69 3475 239 3544 ctendum
257 3495 329 3542 esse
348 3473 481 3547 censui.
532 3468 580 3543 Et
600 3471 667 3540 scis
688 3481 835 3562 propter
856 3471 1063 3540 memoriam

70 3576 178 3666 patris
207 3571 425 3664 Noribergae
451 3575 583 3645 multos
611 3567 781 3642 honestos
808 3567 973 3641 homines
997 3573 1065 3642 tibi

68 3681 162 3746 bene
182 3676 287 3749 velle.
338 3673 445 3765 Quod
467 3701 523 3745 me
545 3677 684 3768 placare
707 3673 844 3760 studes,
870 3674 978 3759 scito,
1007 3697 1064 3742 me

69 3795 210 3870 optare,
237 3789 279 3849 ut
292 3779 359 3849 tibi
376 3781 466 3848 bene
482 3781 543 3863 sit;
567 3791 603 3848 et
618 3775 732 3846 sicubi
747 3799 895 3868 possem,
920 3777 987 3848 tibi
1003 3777 1065 3846 be-

71 3883 281 3953 nefeceram.
339 3877 533 3974 Nunquam
554 3881 664 3949 iratus
685 3879 753 3949 tibi
770 3879 823 3948 fui
846 3902 924 3948 mea
946 3902 1064 3950 cansa:

70 4000 221 4074 paterno
235 3983 356 4052 animo
371 3997 404 4054 et
420 3983 581 4074 publicae
598 3983 692 4073 pacis
705 4003 807 4052 causa
824 3995 859 4051 te
871 3983 1065 4076 aliquando

70 4086 196 4156 monui
218 4087 263 4156 de
284 4099 346 4156 tuo
366 4086 496 4155 officio.
549 4082 653 4154 Nunc
673 4083 703 4151 si
723 4084 902 4173 perficias,
925 4097 965 4154 ut
982 4083 1067 4152 dili-

68 4189 189 4278 gentia
206 4203 241 4260 et
255 4188 428 4258 modestia
443 4187 572 4258 tuearis
589 4187 708 4256 locum
728 4185 861 4254 alicubi
882 4186 921 4253 in
935 4187 1067 4255 docen-

70 4293 136 4375 do,
166 4290 326 4380 gratulor
347 4290 414 4360 tibi
437 4277 533 4358 bunc
557 4288 717 4358 animum
738 4287 881 4358 virtutis
910 4301 945 4358 et
972 4287 1068 4379 pacis
1147 4348 1170 4365 ,,

71 4407 268 4476 amantem3
296 4404 347 4476 et,
374 4392 489 4461 sicubi
503 4403 644 4480 potero,
669 4389 744 4480 ipse
758 4388 826 4459 tibi
839 4389 1069 4475 benefaciam,

72 4509 104 4564 et
118 4495 205 4588 quia
220 4493 330 4584 patris
343 4493 416 4578 tui,
440 4493 510 4562 viri
525 4491 710 4584 prudentis
724 4505 758 4562 et
776 4491 908 4562 eruditi
924 4515 1060 4560 memo-

72 4599 161 4666 riam
181 4595 339 4681 retineo,
372 4609 406 4666 et
428 4595 511 4688 quia
534 4609 567 4665 te
590 4617 731 4686 quoque
752 4607 936 4685 paternam
953 4593 1069 4663 virtu-

71 4713 140 4768 tem
175 4698 310 4770 imitari
342 4697 460 4772 velim.
511 4693 609 4766 Bene
643 4695 741 4773 vale,
784 4695 843 4764 die
879 4698 938 4767 10.
968 4693 1071 4780 Maii,

77 4797 189 4870 1554.

587 4896 780 4993 Philippus
794 4896 1021 4973 Melantbon.

74 5025 308 5040 -ρ--ι--Π

105 5163 135 5230 e)
155 5161 219 5216 lloc
231 5159 451 5236 additamentum
471 5159 573 5232 legitur
585 5179 649 5216 cum
667 5159 761 5232 liguris
774 5162 802 5216 in
815 5159 877 5219 cod.
891 5160 990 5216 Zittav.

110 5269 137 5332 l)
159 5261 366 5318 Wenceslaum
387 5261 483 5320 Liocl.
501 5297 535 5310 -
573 5263 729 5323 Videtisne
752 5263 939 5321 testimonium
956 5261 1070 5320 binelio

145 5334 240 5388 delum
256 5331 339 5388 (1.29.
357 5331 432 5388 Maii.

1112 243 1220 316 ΗΒ.
1255 243 1339 320 Xll.
1400 239 1534 318 1554.

1107 411 1308 544 Q.

1392 602 1461 688 M.
1491 601 1828 712 Meienburgio.

1176 780 1548 856 qmmuamq

1134 936 1380 1014 Michoi'li
1397 936 1753 1113 Meienlqurgio,
1781 941 1938 1016 Consoli
1956 941 2074 1020 Nort-
2173 1017 2177 1026 ,

1586 1067 1640 1117 us.

1111 1175 1159 1266 S.
1179 1187 1223 1266 D.
1275 1189 1531 1262 Honestissime
1560 1193 1634 1276 vir,
1675 1205 1710 1262 et
1739 1194 1849 1264 amice
1881 1191 2099 1270 charissime.

1111 1289 1189 1364 Oro
1206 1291 1339 1364 Filium
1357 1291 1445 1380 Dei,
1468 1291 1664 1364 Dominum
1682 1307 1843 1366 nostrum
1860 1294 1976 1368 lesum
1993 1295 2101 1370 Chri-

1112 1409 1221 1482 stum,
1247 1395 1450 1466 crucifixum
1475 1419 1540 1487 pro
1564 1396 1686 1482 nobis,
1720 1410 1755 1467 et
1773 1399 2037 1488 resuscitatum,
2061 1419 2102 1474 ut

1111 1521 1175 1567 vos
1198 1511 1231 1568 et
1252 1511 1387 1566 vestros
1409 1521 1531 1568 omnes
1555 1511 1668 1568 servet
1688 1499 1902 1587 incolumes,
1928 1516 1960 1573 et
1984 1503 2102 1590 faciat,

1111 1613 1153 1670 ut
1172 1599 1379 1689 coniugium
1397 1593 1511 1694 filii*)
1533 1600 1578 1672 sit
1599 1601 1752 1671 faustum
1766 1614 1801 1672 et
1818 1601 1914 1678 felix.
1965 1599 2100 1678 Eadem

1112 1715 1194 1772 vota
1209 1702 1392 1772 vobiscum
1409 1699 1534 1772 faciam
1550 1701 1609 1772 die
1624 1704 1712 1774 sacri
1727 1700 1925 1795 Nuptialis‚
1949 1707 2103 1780 ubicun-

1113 1829 1182 1900 que
1203 1829 1282 1885 ero,
1316 1804 1381 1874 etsi
1402 1799 1519 1874 adhuc
1540 1828 1662 1898 spero,
1694 1829 1751 1876 me
1773 1807 1895 1876 advos
1911 1823 2101 1882 venturum

1114 1931 1197 1980 esse.
1249 1904 1465 1999 Quanquam
1488 1907 1584 1976 enim
1599 1907 1767 2001 Synodus
1784 1909 1850 1979 erit
1870 1909 1910 1978 in
1925 1903 2103 1982 Naohur-

1111 2031 1179 2104 go,
1206 2031 1311 2102 quam
1325 2017 1463 2101 semper
1476 2009 1641 2078 dissuasi:
1665 2023 1782 2079 tamen
1800 2033 1841 2079 eo
1857 2011 1908 2080 ire
1924 2036 1980 2082 me
1995 2039 2103 2106 opor-

1113 2125 1173 2184 tet.
1216 2109 1287 2181 Sed
1301 2103 1555 2204 Tubingen'ses
1571 2111 1623 2181 ibi
1639 2111 1707 2180 iam
1723 2111 1886 2198 fuerunt,
1909 2115 1971 2209 qui
1990 2116 2020 2185 si
2038 2121 2103 2188 do-

1113 2237 1211 2284 mum
1226 2211 1430 2298 redierunt,
1455 2209 1638 2302 Naoburgi
1657 2206 1747 2281 mihi
1766 2208 1859 2282 nibil
1880 2217 2013 2306 negotii
2027 2221 2104 2302 erit,

1114 2315 1183 2384 nisi
1209 2315 1308 2384 aliud
1335 2307 1463 2408 poiima
1483 2315 1638 2384 aulicum
1664 2328 1892 2405 proponetur.
1950 2315 2047 2390 Bene
2072 2338 2103 2392 et

1112 2415 1262 2488 feliciter
1277 2417 1398 2487 valete.
1449 2413 1517 2486 Die
1531 2413 1718 2487 undecimo
1732 2413 1835 2488 Maii.

1855 2515 2053 2614 Philippus.

1127 2727 1279 2738 ...uun—n·-

1129 2858 1195 2932 No.
1209 2855 1322 2932 5599.

1120 2955 1332 2992 Μ

1766 2874 1822 2935 ld.
1846 2863 1921 2930 lllaii
1944 2869 1992 2945 (h.
2008 2867 2080 2948 αἳ)

1751 2961 2106 3006 w

1469 3041 1579 3156 Cplr.
1606 3041 1754 3128 Liuio.

1183 3225 1207 3295 †
1224 3223 1261 3277 Er
1273 3239 1369 3296 apogr.
1384 3221 1412 3274 in
1428 3219 1491 3277 cod.
1507 3219 1594 3277 Pario.
1612 3219 1650 3273 D.
1666 3219 1696 3275 L.
1709 3219 1768 3274 ⁵4³.

1141 3374 1499 3477 Christopltoro
1523 3373 1686 3462 Libia,
1718 3374 1873 3452 Pastori
1892 3377 2081 3453 Ecclesiae

1419 3477 1808 3576 Brandcnburgensis.

1117 3617 1165 3704 S·
1192 3625 1237 3702 D.
1288 3628 1498 3700 Reverende
1518 3631 1574 3698 vir
1592 3643 1627 3699 et
1642 3629 1819 3700 carissime
1841 3630 1959 3703 frater.
2012 3629 2108 3702 Pene

1117 3731 1277 3827 quotidie
1293 3731 1492 3820 interrogor
1505 3731 1548 3800 de
1565 3755 1604 3800 ea
1618 3733 1834 3824 quaestione,
1855 3757 1944 3825 quae
1958 3745 1993 3803 et
2007 3747 2108 3803 tuum

1117 3835 1276 3906 animum
1295 3833 1479 3906 excruciat.
1530 3830 1727 3924 Congeram
1746 3834 1854 3926 igitur
1869 3834 1908 3904 in
1928 3859 2041 3906 unum
2060 3838 2110 3905 li-

1118 3938 1252 4009 bellum
1267 3936 1468 4006 testimonia
1487 3935 1644 4006 eruditae
1658 3937 1859 4022 vetustatis,
1886 3961 1975 4030 quae
1990 3951 2108 4006 osten-

1119 4043 1210 4110 dunt
1225 4038 1323 4108 illius
1344 4038 1499 4129 purioris
1516 4038 1638 4108 aetatis
1651 4061 1880 4124 consensum,
1904 4061 1994 4130 quae
2008 4039 2106 4108 illam

1118 4141 1350 4212 recentiorem
1370 4139 1606 4210 inclusionem
1629 4139 1669 4208 in
1690 4164 1817 4232 panem
1839 4163 1983 4232 prorsus
2004 4141 2109 4230 igno·

1119 4257 1185 4317 rat.
1236 4239 1308 4314 Ubi
1322 4243 1450 4313 veteris
1467 4239 1643 4312 Ecclesiae
1657 4242 1877 4334 perspicuam
1899 4243 2108 4314 sententiam

1121 4373 1173 4440 pn
1205 4346 1497 4427 considerabunt,
1531 4357 1650 4433 postea
1679 4367 1799 4414 secum
1829 4343 2028 4435 disputent,
2063 4371 2108 4415 an

1121 4447 1262 4520 licuerit
1291 4444 1547 4516 recentioribus
1578 4445 1684 4513 aliam
1718 4447 1929 4516 sententiam
1962 4450 2111 4516 commi-

1122 4549 1222 4619 nisci.
1271 4546 1344 4616 Nec
1358 4547 1654 4617 contemnendum
1672 4569 1746 4617 esse
1763 4562 1918 4619 vetustae
1933 4543 2112 4620 Ecclesiae

1123 4671 1333 4721 consensum
1357 4661 1493 4730 statuo,
1527 4649 1591 4718 ubi
1618 4645 1702 4742 περὶ
1725 4650 1838 4744 ῥητοῦ
1857 4643 1921 4720 καὶ
1943 4645 2111 4732 διανοίας

1123 4753 1281 4848 quaestio
1303 4765 1365 4824 est.
1417 4748 1531 4819 Aiunt
1551 4747 1587 4822 oi
1605 4750 1849 4835 Μεθωναῖοι,
1874 4775 1912 4820 se
1934 4748 1977 4823 τὸ
2000 4750 2111 4845 ῥητὸν

1123 4855 1235 4938 tueri,
1263 4879 1342 4924 cum
1360 4851 1493 4923 Paulus
1513 4866 1651 4925 tantum
1677 4853 1786 4937 dicat,
1813 4877 1886 4923 esse
1909 4849 2111 4926 aaronitae

1124 4951 1305 5050 σώματος.
1355 4953 1429 5025 Nec
1452 4955 1642 5026 obscurum
1667 4967 1736 5039 est,
1761 4955 1848 5048 quid
1866 4953 2012 5026 Graecis
2035 4981 2112 5028 κοι·

1122 5053 1242 5136 νωνία
1272 5057 1455 5148 significet.
1512 5053 1630 5126 Multa
1658 5081 1738 5126 cum
1765 5057 1842 5148 ipso
1871 5051 2040 5127 Luthero
2068 5061 2112 5126 dc

1123 5177 1281 5235 veterum
1302 5160 1407 5230 dictis
1427 5157 1593 5243 disserui;
1627 5157 1687 5228 sed
1710 5157 1924 5246 mirabatur,
1958 5161 2113 5250 potuisse

1157 5435 1192 5507 ²¹²)
1211 5433 1338 5490 lobannis
1351 5431 1549 5580 Meieqrg.·0l.
1564 5451 1626 5506 epp.
1643 5433 1672 5490 d.
1689 5433 1730 5490 19.
1739 5433 1820 5488 febr.
1833 5441 1859 5487 ct
1872 5433 1898 5488 d.
1910 5431 1936 5487 l.
1952 5432 2021 5488 Maii
2038 5431 2114 5488 ¹554.
