4688 5816
110 495 358 574 Ioaaleimo
384 491 661 572 Camerario
679 499 807 601 fratri
819 523 888 572 sno
907 497 1034 570 caries.

74 637 125 726 S·
153 647 199 724 D·
235 647 283 722 Ut
299 649 445 720 veniens
460 673 576 720 annus
593 649 725 722 faustus
741 662 773 720 et
787 648 871 719 felix
886 649 931 719 sit
946 643 1068 718 Eccle-

74 755 139 824 siis
161 751 312 837 nostris,
337 765 505 822 etearum
524 747 707 841 hospitiis,
733 764 769 823 et
786 751 871 836 tibi,
897 746 1067 822 ctEccle·

73 857 147 926 siae
169 869 250 926 tuae
274 853 502 938 domesticae,
528 855 632 924 saciat
652 854 746 924 lilius
770 851 855 938 Dei,
887 852 989 923 euius
1010 874 1067 920 sa-

73 957 214 1051 pientia
234 967 330 1026 certo
355 955 504 1026 consilio
526 969 640 1026 metae
664 979 839 1026 annorum
857 953 1066 1024 constitutae

72 1071 175 1132 sunt.
225 1053 302 1150 Ego
326 1069 361 1128 et
381 1079 527 1148 magnos
548 1057 751 1150 principum
776 1069 911 1141 motus,
942 1069 979 1126 et
999 1056 1066 1124 do·

71 1159 234 1234 centium
249 1159 383 1230 rabiem
401 1159 571 1230 maiorem
587 1173 719 1240 metuo,
742 1182 805 1230 nec
817 1159 931 1230 solum
948 1157 1065 1248 positu

71 1275 253 1334 astrorum
277 1284 439 1345 moveor,
477 1263 538 1330 sed
565 1264 670 1332 etiarn
699 1261 781 1354 ipsis
804 1259 1065 1355 παρασκευαῖς.

72 1363 186 1434 Mens
207 1364 315 1434 trater
338 1363 461 1433 scribit
483 1357 755 1462 τούςφείτονας
768 1359 796 1453 ¹)
818 1357 935 1436 aalide
948 1385 1065 1458 μεγα-

72 1466 249 1589 ἰηφορεῖν
269 1459 352 1558 περὶ
371 1463 622 1562 πανολεθρίας
639 1469 704 1559 τῆς
725 1461 977 1561 ἀρχιερατικῆς
997 1457 1064 1534 ‹lv-

70 1591 234 1660 ναμεως.
296 1563 375 1636 Etsi
400 1561 530 1638 horum
558 1562 776 1655 ἀλαζονείαν
806 1567 908 1652 nori,
945 1579 1064 1636 tamen

70 1671 146 1740 lata
165 1665 425 1765 Epigonararn
442 1669 546 1742 ctiam
565 1683 696 1744 metuo.
754 1667 823 1740 Sed
839 1669 1064 1738 commende-

68 1794 155 1842 mus
177 1793 243 1842 nos
267 1769 340 1838 filio
365 1765 452 1856 Dei,
484 1771 547 1864 qui
572 1773 667 1842 inter
689 1784 805 1842 tantos
823 1771 1063 1840 lluctussuam

69 1873 249 1967 cymbam,
265 1886 362 1942 tuam
383 1871 552 1940 familiam
567 1887 601 1944 ct
616 1872 750 1944 similes
764 1870 928 1944 servabit.
961 1868 1062 1960 Quo·

69 1975 163 2044 tidie
178 1997 259 2044 cum
276 1971 408 2064 aspicio
430 1997 525 2044 meas
549 1975 657 2058 filias,
683 1997 825 2064 gemens
839 1975 882 2042 de
900 1967 956 2042 his
978 1995 1063 2041 con·

67 2075 274 2146 fusionibus
288 2072 422 2164 cogito,
449 2087 483 2144 et
501 2079 586 2158 oro,
613 2091 652 2148 nt
666 2099 731 2146 nos
746 2077 839 2145 lilius
854 2075 921 2150 Dei
934 2076 1064 2164 guber·

66 2191 131 2250 net
146 2191 181 2248 er
199 2189 369 2269 protegat.

175 2353 448 2460 Stenlrefeldins
462 2361 575 2434 edidit
594 2363 763 2456 seriptum
781 2375 904 2434 contra
925 2361 1063 2434 conses-

69 2465 214 2534 sionem
236 2477 436 2534 nostrarum
452 2459 710 2548 Ecclesiarum,
735 2479 777 2536 nt
797 2465 927 2550 audio,
952 2477 1062 2544 atrox,

70 2567 240 2636 nondum
255 2563 349 2634 enim
366 2563 439 2634 vidi
449 2619 459 2650 ,
491 2567 552 2636 sed
570 2567 635 2637 scis
650 2591 740 2662 quae
757 2567 803 2638 sit
818 2568 893 2637 eius
908 2565 1063 2637 familia·

68 2669 161 2738 ritas
177 2691 259 2736 cum
275 2655 488 2736 Charitinis
505 2662 553 2760 ²),
579 2683 613 2740 et
632 2671 788 2760 prolecto
803 2663 870 2742 τὸν
889 2688 1064 2762 νεοπρεο-

66 2757 215 2864 βιοτὴν
221 2817 235 2860 ,
262 2783 295 2838 et
310 2769 441 2840 similes
457 2769 617 2840 existimo
635 2773 788 2862 cogitare
803 2765 886 2867 περὶ
900 2767 1063 2865 μεταβο-

68 2875 135 2964 λῆς
166 2875 373 2942 πολιτειῶν.
425 2867 496 2940 Sed
525 2865 611 2942 haee
634 2896 765 2947 eoram.
814 2865 1062 2942 Laurentium

67 2971 138 3042 tibi
157 2973 381 3056 commendo,
407 2985 510 3066 teque
523 2997 599 3057 oro,
621 2986 663 3044 ut
678 2973 836 3044 consiliis
851 2997 976 3065 regass
987 2971 1063 3042 Hae

65 3097 131 3168 spe
154 3097 237 3142 eum
262 3073 351 3143 istuc
375 3073 496 3160 mitto,
519 3073 653 3168 alioqui
677 3077 784 3145 etiam
807 3076 946 3146 iniectis
967 3099 1064 3145 com-

66 3175 224 3266 pedibus
238 3200 318 3245 eum
336 3185 537 3247 retenturus
553 3200 660 3249 eram.
715 3175 812 3247 Bene
827 3178 917 3250 vale.

816 3355 1016 3454 Philippus.

83 3598 480 3616 Ἣ

66 3755 138 3834 Νο.
159 3753 275 3833 6895.

75 3853 255 3886 Μ

898 3776 957 3840 27.
973 3767 1049 3835 Deo.

886 3859 1058 3890 Μ

485 3957 667 4047 Eidem

141 4135 425 4264 ‘satietas
438 4137 1064 4286 assuas·,taratara->a-

175 4275 265 4332 ecee.
427 4245 433 4261 ⁸
540 4244 549 4264 ⁸
633 4249 641 4264 ⁹
828 4251 837 4278 ⁹
926 4249 934 4267 .
987 4253 995 4270 .
1044 4239 1062 4258 ·

62 4441 301 4522 Clarissima
323 4448 402 4521 viro
424 4445 627 4523 eruditione
649 4461 681 4524 et
705 4453 834 4524 virtute
853 4459 1066 4554 praestanti

106 4549 138 4622 I
144 4546 274 4629 oaed.
298 4543 574 4626 Camerario
589 4553 718 4655 fratri
734 4579 804 4627 sno
821 4557 1026 4641 carissimo,

64 4685 119 4776 S·
148 4699 194 4774 Ι).
234 4695 403 4796 ,Expecto
420 4695 575 4776 reditum
591 4698 747 4778 doctoris
760 4700 973 4795 Laurentii,
999 4711 1061 4805 qui

62 4819 228 4875 nontam
262 4805 553 4878 deliberationem
579 4801 662 4903 περὶ
687 4802 853 4885 συνόδου
877 4811 916 4881 in
943 4813 1060 4882 aulam

62 4905 195 4988 afferet
209 4898 260 5000 ³).
309 4904 398 4978 ldeo
416 4911 577 4980 nondum
595 4911 694 5000 potui
716 4913 762 4982 de
788 4913 918 4986 itinere
931 4917 976 4986 ad
997 4939 1060 4986 vos

95 5182 130 5248 l)
151 5177 305 5234 Palatinam
324 5178 358 5236 G.
375 5175 438 5236 W.

95 5285 129 5350 2)
149 5279 320 5336 Wartemls.
339 5281 372 5336 C.
391 5279 453 5336 W.

94 5386 124 5452 ·)
145 5380 279 5438 Dedimus
290 5379 357 5436 illud
369 5382 398 5438 d.
410 5383 433 5444 l.
446 5381 506 5439 lan.
518 5383 598 5443 1567.

635 221 1074 302 uetsrouanuu.

73 389 303 472 Clarissima
325 395 405 468 siro
428 391 631 470 eruditione
655 407 688 468 et
710 397 839 471 virtute
860 394 1072 494 praestanti

1125 220 1233 302 ulls
1257 219 1341 296 xlt.
1395 220 1534 300 155&
1617 283 1621 292 .
2031 221 2109 292 684

1119 405 1200 468 meo
1220 407 1385 468 statuere.
1443 393 1706 487 Quoquomodo
1730 395 1919 486 procedent
1947 390 2001 460 illi
2021 415 2109 462 con·-

1119 516 1275 584 gressus,
1297 509 1402 566 erunt
1417 497 1462 566 de
1475 519 1553 566 meo
1569 496 1683 586 capite
1702 495 1863 580 comitia,
1886 508 1925 566 ut
1942 487 2049 562 hodie
2066 519 2107 564 ex

1117 597 1248 670 litteris
1263 595 1444 670 Bavaricis
1461 597 1635 682 intellexi,
1660 599 1722 670 sed
1736 597 1945 666 commendo
1961 619 2016 664 me
2033 595 2109 666 lilio

1119 697 1196 772 Dei.
1226 697 1329 770 Nunc
1344 701 1387 772 ad
1404 713 1437 774 te
1451 701 1553 772 mitto
1571 697 1746 790 epistolas,
1771 723 1884 770 meam
1900 688 2107 781 etLasani‚

1117 801 1263 892 scriptas
1278 803 1322 870 ad
1340 794 1575 872 Ioachimuna
1589 795 1740 894 Kanig,
1775 801 1888 871 lilium
1903 802 2106 888 mercatoris

1117 899 1403 993 Noribergensis,
1435 905 1500 998 qui
1522 915 1623 976 vocat
1648 897 1954 974 Bartolomaeam
1975 891 2106 970 Lasa-

1117 1025 1206 1074 num
1223 1003 1418 1092 Viennam,
1448 1020 1489 1077 ut
1503 1029 1584 1076 curn
1600 993 1773 1074 Crameri
1789 1004 1875 1074 civis
1895 1001 2106 1072 Viennensis

1117 1105 1191 1178 lilio
1206 1107 1244 1176 in
1257 1105 1392 1178 ltaliam
1406 1108 1656 1202 proficiscatur.
1690 1103 1942 1178 Existimamus
1957 1117 1992 1174 te
2004 1127 2106 1194 posse

1116 1232 1181 1300 per
1213 1203 1377 1280 homines
1410 1225 1515 1280 notos
1540 1207 1774 1300 Norihergam
1805 1208 1938 1278 litteras
1968 1219 2106 1276 nostras

1116 1309 1273 1396 mittere,
1302 1313 1399 1404 quod
1418 1313 1450 1384 si
1464 1325 1581 1406 potes,
1607 1324 1649 1382 ut
1662 1311 1788 1395 facias,
1813 1323 1849 1380 et
1870 1331 1950 1378 meo
1971 1321 2007 1378 et
2020 1298 2105 1376 La-

1114 1409 1206 1482 sani
1225 1414 1372 1486 nomine
1394 1439 1470 1490 oro.
1521 1411 1679 1484 Multum
1706 1413 1804 1482 illius
1825 1411 1931 1482 relert
1957 1409 2107 1478 fideliter

1117 1537 1175 1584 eas
1192 1507 1386 1586 Ιοοιίιίιυο
1401 1513 1571 1588 exhiberi.
1624 1513 1675 1586 De
1693 1513 1837 1584 caeteris
1854 1513 1959 1582 rebus
1974 1534 2106 1580 coram.

1115 1613 1212 1686 Deus
1235 1629 1349 1690 servet
1371 1632 1405 1689 te
1427 1631 1463 1688 et
1487 1631 1594 1686 totam
1612 1612 1805 1688 Ecclesiam
1820 1627 1917 1684 tuam
1935 1611 2104 1682 elomesti-

1115 1740 1202 1790 cam.
1254 1713 1298 1792 V'.
1314 1717 1389 1795 Cal.
1410 1717 1578 1792 Ianuarii.

1762 1892 1855 1972 Phil.
1876 1891 2052 1966 hlelanth.

1114 2299 1180 2371 No.
1198 2297 1309 2378 5896.

1123 2395 1294 2425 w

1902 2305 1977 2388 (hoo
1994 2303 2103 2378 anna.)

1923 2393 2095 2425 wa...

1515 2495 1592 2610 (Ν
1621 2495 1696 2609 N.)

1182 2673 1206 2743 ί·
1224 2671 1262 2728 Es
1277 2675 1434 2749 apographo
1449 2676 1477 2730 in
1491 2674 1554 2730 cod.
1571 2675 1683 2732 Monac.
1705 2693 1754 2730 no.
1767 2674 1825 2732 Vll.
1847 2693 1873 2746 p.
1887 2673 1970 2729 296⁵.

1540 2845 1593 2925 Ν.
1620 2845 1676 2921 Ν.

1116 2983 1328 3074 Clarissimo
1343 3011 1374 3068 et
1393 2997 1593 3068 doctissime
1610 3000 1677 3074 vir.
1729 2997 1845 3070 Tuam
1867 3003 2011 3096 quidem
2029 2968 2106 3094 epil

1115 3102 1241 3173 stolam
1271 3101 1528 3192 elegantissime
1553 3101 1719 3193 scriptam
1740 3125 1867 3193 magna
1895 3128 1976 3172 cum
2002 3105 2105 3174 volu,-

1117 3217 1211 3299 ptate
1223 3203 1309 3294 legi,
1334 3203 1527 3294 gratulatus
1543 3217 1578 3274 et
1600 3199 1690 3274 mihi
1713 3203 1793 3274 talis
1807 3203 1876 3274 viri
1901 3205 2109 3298 amicitiam,

1116 3321 1150 3379 et
1164 3305 1380 3398 reipublicae
1393 3305 1526 3394 ingenii
1544 3305 1792 3398 praestantiam
1807 3319 1841 3376 et
1856 3306 1982 3377 iudicii
2000 3312 2104 3378 recti-

1115 3409 1288 3480 tudinem.
1326 3405 1401 3478 Sed
1412 3408 1525 3476 dicam
1542 3411 1637 3501 quod
1654 3431 1708 3478 res
1726 3422 1795 3492 est3
1822 3409 1990 3500 pagellas,
2018 3431 2109 3502 quas

1107 3509 1286 3580 addidisti
1318 3533 1393 3579 non
1423 3509 1500 3578 sine
1532 3510 1665 3598 gemitu
1700 3509 1787 3598 legi,
1818 3510 1973 3600 cogitans
1997 3533 2106 3602 qnam

1110 3611 1222 3690 ¹multi
1254 3633 1352 3680 nunc
1376 3610 1618 3680 doctrinarum
1650 3610 1867 3701 corruptelas
1892 3626 2034 3697 ament,
2070 3625 2105 3682 et

1116 3736 1222 3806 quam
1243 3711 1347 3804 pauci
1371 3711 1463 3781 tueri
1485 3710 1679 3804 simplicem
1703 3725 1738 3782 ct
1760 3725 1890 3782 rectam
1912 3727 1966 3795 et,
1992 3727 2032 3784 ut
2054 3713 2103 3784 ita

1116 3815 1250 3900 dicam,
1276 3813 1432 3884 nativam
1449 3812 1578 3882 artium
1604 3813 1753 3882 sormam
1775 3815 1951 3887 studeant.
2002 3815 2104 3886 Sem-

1116 3939 1179 4008 per
1194 3927 1310 3986 autem
1327 3913 1458 3984 artium
1476 3915 1693 4006 corruptelas
1708 3913 1770 3984 alii
1787 3915 1922 3988 lusores
1945 3929 1980 3988 et
2002 3917 2105 4010 plura

1115 4018 1206 4087 mala
1222 4017 1261 4086 in
1276 4011 1462 4086 hominum
1477 4015 1548 4086 rita
1568 4029 1782 4110 sequuntur;
1811 4019 1941 4112 quade
1960 4041 1999 4088 re
2015 4041 2105 4112 que·

1114 4119 1206 4189 relas
1224 4133 1340 4188 extare
1362 4119 1456 4212 apud
1474 4113 1652 4188 Galenum
1669 4119 1809 4189 crebras
1829 4118 2043 4204 meministi,
2068 4133 2103 4192 et

1115 4221 1293 4292 exlamans
1317 4218 1505 4304 Isocrates,
1545 4219 1727 4313 inquiens:
1765 4215 1969 4318 dyaraxsa'*
2000 4217 2105 4318 ὁρῶν

1099 4319 1183 4418 ’τὴν
1199 4319 1457 4420 συκοφαντίαν
1473 4320 1627 4414 ἄμυνον
1641 4325 1706 4416 τῆς
1721 4315 1944 4420 φιλοσοφίας
1954 4369 2057 4398 ......
2064 4321 2104 4411 7.

1115 4425 1222 4514 Quod
1239 4450 1322 4494 vero
1337 4449 1477 4509 mones,
1504 4440 1543 4494 ut
1559 4423 1596 4492 in
1614 4423 1796 4494 elementis
1811 4420 1982 4522 physicis,
2014 4450 2107 4520 quae

1114 4527 1246 4597 edituri
1271 4548 1392 4596 sumus
1408 4522 1440 4620 ²)
1459 4525 1595 4617 aliquid
1621 4525 1666 4594 de
1690 4525 1896 4598 discrimine
1921 4529 2107 4600 doctrina·-

1113 4651 1192 4697 rum
1211 4627 1342 4713 dicam,
1362 4643 1457 4718 grata
1477 4621 1565 4696 mihi
1582 4641 1633 4700 est
1649 4627 1846 4698 admonitio
1864 4643 1937 4704 tua.
1978 4627 2103 4721 Quare-

1118 4931 1121 4939 *
1146 4944 1182 5015 l)'
1194 4943 1241 4998 list
1254 4941 1348 4998 lacuna
1361 4941 1390 4995 in
1402 4911 1507 4997 coelice.
1543 4939 1632 4996 Ιιοοσο
1643 4949 1687 4994 'ert
1700 4937 1775 5010 apud¹
1786 4937 1897 4996 lecerat.
1912 4939 1945 4997 de
1959 4954 2103 5013 permutat.

1179 5031 1205 5084 p.
1220 5011 1279 5070 843.
1298 5013 1329 5068 Ε.
1350 5011 1396 5082 (ll.
1410 5010 1517 5098 steph.)
1540 5007 1581 5064 sir.
1600 5027 1628 5093 ις
1647 5008 1763 5062 habenas
1788 5005 1943 5080 elymaei
1959 5011 2013 5084 yda
2029 5010 2106 5084 ὄρσο

1176 5079 1228 5172 seir
1245 5085 1441 5154 eomparatur
1457 5097 1578 5164 ριμιινον
1594 5097 1640 5168 ρης
1658 5079 1831 5202 ριίοσοφεοις
1849 5081 2027 5152 φερομένην,
2056 5086 2106 5170 ιρι

1176 5170 1228 5219 ²⁰⁹
1244 5149 1299 5238 μί’
1315 5146 2027 5280 'tt't‘tttatt'desisteretis
2043 5171 2106 5244 ¹⁰¹⁹»

1174 5224 1317 5362 iiiiiiiis
1334 5235 1488 5362 tirihpie
1505 5293 1588 5360 petto
1605 5233 1664 5344 νεῖν
1679 5237 1775 5344 d'ltirr
1793 5256 1963 5360 φρονοῦσιν.
2033 5239 2095 5294 ηρ

1140 5392 1172 5462 ι)
1187 5391 1266 5448 rnre.
1279 5373 1420 5446 ascetae
1433 5389 1573 5463 asyam.
1608 5387 1698 5445 vaus
1715 5390 1793 5446 ress.
1814 5389 1845 5444 a.
