4682 5822
254 255 330 332 εει
565 224 573 234 ’
813 229 1249 316 nrrsronannn
1306 189 1706 318 a1n.'xncsse.
2209 239 2280 314 aa

358 419 549 509 Praecipue
572 439 656 486 vero
670 411 864 483 necessaria
880 424 931 480 εει
943 407 1113 478 omnibns
1125 399 1246 474 borni-
1295 404 1391 474 saria
1418 417 1488 484 εει,
1522 417 1555 474 ει
1578 404 1773 498 aliqnando
1793 403 1837 474 ed
1861 407 2090 476 concordiam
2115 405 2281 496 proderit.

257 525 362 594 nibus
380 519 533 611 cognitio
547 517 703 610 partium
721 509 896 596 hominis,
929 524 965 580 et
980 505 1161 578 distinctio
1180 528 1246 594 po-
1293 503 1387 575 Cum
1401 505 1511 596 igitur
1524 501 1582 576 bic
1597 501 1728 576 Simon
1742 498 1936 576 Proxenus
1952 505 2193 577 Bndincensis
2208 528 2281 575 car·
2337 583 2338 588 ,

257 626 447 695 tentiarum
471 620 630 702 animae,
656 629 826 710 quantum
846 613 884 682 in
900 607 964 681 hac
980 609 1129 697 caligine
1143 607 1244 674 adse-
1295 629 1377 674 men
1399 610 1442 676 ad
1458 603 1503 678 R·
1520 601 1565 680 D.
1579 605 1623 680 Τ.
1645 607 1784 678 erudite
1805 617 1841 677 et
1857 608 2011 696 graviter
2024 607 2227 700 scripserit,
2250 621 2281 676 et

258 725 321 818 qui
357 743 559 816 possumus:
607 715 754 787 Necesse
796 727 849 784 est
884 713 979 781 enim
1023 709 1245 779 considerare
1298 729 1411 775 mores
1433 707 1509 776 eius
1531 707 1602 776 sint
1626 703 1766 780 honesti
1790 722 1827 779 et
1846 708 1996 802 placidi:
2029 709 2113 788 dedi
2137 709 2170 779 ei
2192 701 2281 776 harre

256 825 447 895 discrimen
468 822 562 890 inter
587 819 778 909 potentiam
801 825 1068 902 cognoscentem
1086 823 1120 878 et
1136 811 1245 898 adpe-
1296 807 1479 898 epistolam
1498 810 1542 876 ad
1560 805 1606 882 R.
1622 807 1667 880 D.
1683 807 1727 882 T.
1744 809 1964 900 profecturo,
1989 822 2029 879 ut
2044 833 2186 880 orarem
2201 831 2282 899 pro-

257 941 409 1005 tentem,
441 937 475 992 et
501 921 620 990 radios
636 919 777 988 divinae
795 915 883 984 lucis
901 914 939 981 in
957 908 1112 980 hnmana
1126 919 1245 976 mente
1294 923 1375 998 pter
1405 909 1585 979 literarum
1620 933 1796 995 amorem,
1844 934 1890 980 ne
1923 910 2094 1000 gravatim
2129 932 2284 992 carmen,

256 1047 462 1116 agnoscere,
494 1022 556 1115 qui
583 1013 698 1088 adhuc
721 1015 850 1108 reliqui
872 1013 1008 1084 suntin
1024 1007 1089 1080 hac
1104 1009 1244 1077 infirma
1294 1009 1390 1100 qnod
1418 1009 1558 1094 offeret,
1582 1007 1692 1083 R.D.
1709 1009 1754 1083 Τ.
1774 1010 1933 1102 accipiat.
1983 1009 2132 1102 Semper
2153 1009 2283 1079 talibus

257 1143 405 1204 natura,
439 1137 474 1194 et
491 1135 574 1192 sunt
594 1119 822 1212 praecipuum
838 1119 882 1184 de
898 1113 974 1184 Deo
992 1111 1244 1182 testimouium.
1294 1109 1476 1178 laboribus
1502 1123 1536 1178 et
1558 1109 1683 1180 officiis
1704 1112 1877 1202 sapientes
1894 1111 2150 1204 gubernatores
2165 1113 2283 1180 lovere

258 1227 397 1299 Deinde
420 1246 558 1295 necesse
580 1235 629 1289 εει
653 1220 788 1304 videre,
816 1240 905 1310 quae
926 1239 1007 1306 pars
1023 1213 1093 1281 illis
1109 1209 1245 1280 notitiis
1294 1233 1330 1278 se
1353 1213 1595 1283 ostenderunt.
1647 1211 1765 1300 Quare
1787 1227 1821 1282 ει
1836 1207 1941 1282 huius
1956 1213 2192 1282 adolescentis
2208 1209 2284 1280 offi-

259 1330 305 1400 sit
317 1325 524 1404 contumax,
550 1337 586 1392 et
604 1345 672 1414 qua
690 1333 788 1411 parte
803 1331 921 1388 tamen
937 1317 1143 1383 fraenentur
1159 1311 1245 1381 affe·
1294 1311 1387 1379 cium
1404 1335 1506 1402 spero
1524 1337 1596 1381 non
1610 1313 1787 1402 ingratum
1801 1313 1877 1382 sore
1895 1311 1940 1386 lt
1955 1311 1999 1388 D.
2010 1313 2055 1388 Τ.
2075 1313 2281 1404 praesertim

259 1445 351 1520 etus,
386 1441 420 1498 ει
443 1425 623 1520 quomodo
650 1421 783 1490 externi
807 1432 924 1508 gestus
946 1429 1132 1504 regantur,
1158 1411 1244 1504 quid
1268 1429 1271 1514 ἰ
1295 1436 1373 1478 cnm
1401 1437 1487 1480 vena
1519 1414 1630 1504 ipsius
1650 1416 1696 1484 sit
1719 1415 1826 1504 digna
1853 1415 1968 1488 lande.
2027 1411 2138 1484 Mitto
2163 1427 2198 1482 ει
2221 1437 2281 1502 ego

258 1532 303 1601 sit
327 1541 469 1598 esterna
493 1524 702 1614 disciplina,
729 1523 817 1614 qnid
836 1543 917 1592 vera
933 1517 1063 1600 virtus,
1088 1537 1178 1606 quae
1194 1526 1245 1582 est
1295 1536 1435 1580 carmen
1457 1516 1501 1580 de
1526 1515 1681 1602 proxima
1697 1507 1732 1605 ')
1754 1513 1908 1606 Eclipsi,
1941 1517 2205 1610 quaeprnsmto
2219 1539 2284 1582 uo.

256 1630 402 1700 divinus
418 1641 535 1699 motus
551 1625 590 1692 in
611 1623 727 1693 corde.
1295 1637 1354 1679 vas
1377 1615 1621 1684 contentiones
1644 1615 1814 1684 minatur:
1847 1639 1935 1710 qnae
1956 1631 1997 1686 ιιι
2018 1615 2114 1686 filins
2139 1613 2208 1684 Dei
2234 1616 2282 1683 le-

1294 1714 1380 1794 niat,
1406 1727 1480 1784 toto
1497 1741 1575 1784 eum
1590 1731 1729 1808 pectore
1743 1741 1819 1790 ono.
1860 1715 1941 1787 Non
1960 1718 2039 1809 plns
2053 1717 2123 1786 fata
2141 1717 2282 1798 etenim,

359 1829 523 1922 Denique
537 1835 682 1917 propter
696 1819 824 1888 multas
839 1816 1006 1885 maximas
1023 1837 1142 1885 causas
1161 1837 1243 1904 pro-
1294 1839 1398 1906 quam
1431 1817 1486 1902 pia
1519 1831 1597 1886 vota
1624 1817 1752 1890 valent.
1816 1813 1913 1887 Bene
1935 1834 1968 1886 ct
1995 1817 2147 1888 feliciter
2171 1817 2283 1886 valeat

258 1937 335 2005 dest
350 1932 504 2022 aspicere
519 1939 631 1996 artem
647 1913 1071 1992 fabricationisbumanac
1086 1927 1243 1985 naturae.
1294 1913 1340 1988 ll.
1357 1913 1402 1988 D.
1419 1915 1465 1989 T.
1517 1917 1587 1986 Die
1603 1917 1638 1987 6.
1653 1915 1877 2002 Decembris,
1906 1913 2013 1994 1554.

257 2035 342 2106 ldeo
366 2033 472 2102 velim
501 2028 669 2098 usitatum
692 2021 854 2091 libellum
877 2019 922 2086 de
944 2017 1061 2084 anima
1084 2015 1244 2105 Principi

260 2133 435 2212 enarrari,
468 2142 502 2200 et
527 2125 717 2196 monstrari
741 2123 891 2214 picturas
913 2115 1162 2199 Anatomicas,
1182 2129 1243 2184 aut

258 2237 362 2308 etiam
388 2233 563 2301 maiorum
586 2226 825 2294 membrorum
851 2219 1003 2311 positus,
1043 2241 1121 2285 cum
1147 2216 1242 2285 videt

259 2337 367 2406 secari
389 2354 511 2402 cervos
524 2341 559 2398 et
571 2349 684 2418 apros.
737 2322 839 2392 Hanc
855 2320 1026 2411 puerilem
1044 2317 1241 2386 doctrinam
1285 2348 1369 2423 'No‘
1391 2347 1505 2424 5697.
2132 2366 2167 2428 6·
2184 2355 2257 2420 Dm

256 2420 1241 2519 dedistinctionepotentiarumanimaeetmembrorum
1298 2445 1510 2484 m
2127 2449 2279 2472 Μ

255 2541 294 2607 iu
318 2534 475 2654 Ecclesia
499 2529 729 2634 necessariam
749 2547 837 2638 esse·
852 2521 1079 2638 manifestum
1104 2533 1174 2602 εει,
1193 2531 1242 2636 'et
1582 2553 1647 2641 Ge
1671 2554 1955 2642 Rumam
1980 2619 1989 2636 ι

254 2640 415 2709 morrbus
430 2633 573 2726 prodest
585 2651 688 2697 nosse
702 2637 940 2716 potentrarum
956 2621 1081 2705 olbcra,
1107 2632 1141 2688 et
1156 2639 1243 2686 scire
1648 2617 1658 2642 ⁸
1954 2583 1980 2642 ⁰

255 2763 345 2833 quae
373 2735 446 2826 regi
470 2732 622 2825 possint,
654 2741 689 2799 et
710 2723 889 2818 quomodo
906 2735 1094 2810 regantur,
1120 2732 1154 2789 ει
1167 2741 1243 2786 cer·
1381 2729 1478 2786 Manlii
1491 2731 1587 2805 lamp.
1603 2732 1703 2806 pase.

253 2863 339 2910 nere
362 2837 460 2908 triste
483 2829 670 2903 dissidium
696 2827 824 2896 virium
842 2817 1099 2905 humanarum,
1126 2832 1166 2888 ut
1182 2843 1243 2908 pe-

253 2956 370 3012 tamus
399 2935 570 3007 anxilium
592 2955 612 3000 a
635 2927 728 2999 Filio
749 2925 817 2996 Dei
839 2921 996 2993 Domino
1018 2934 1140 2991 nostro
1163 2917 1243 2989 lesu
1293 2897 1506 2975 Reverendo
1521 2905 1617 2992 viro,
1637 2900 1693 2980 D.
1710 2899 1918 2998 Georgia
1938 2898 2282 2994 Buclsleolteer,

253 3033 419 3121 Christo,
461 3035 626 3107 crucifixo
658 3027 854 3120 pronubis
884 3038 919 3095 et
943 3023 1171 3104 resuscitato,
1203 3044 1243 3090 ac
1419 3079 1423 3102 ,
1557 2999 2020 3106 ῘιαιιίειιοεΙιαιιεεὶηιο,

256 3153 426 3230 regnante
451 3150 492 3206 ut
516 3132 659 3220 colligat
683 3143 860 3200 aeternam
886 3121 1102 3206 Ecclesiam,
1137 3143 1244 3214 quem

255 3265 339 3327 oro,
370 3252 411 3309 ut
434 3249 548 3306 servet
563 3227 807 3304 Pomeraniae
827 3224 960 3312 Duces,
994 3239 1029 3295 et
1049 3235 1147 3311 regat
1167 3234 1244 3290 stu—

254 3343 314 3412 dia
349 3353 384 3410 et
420 3349 533 3409 totum
564 3333 658 3404 vitae
684 3353 825 3401 cursum
851 3323 1028 3418 Principis
1054 3313 1244 3392 Iohannis

252 3433 458 3518 Friderici,
499 3433 731 3506 Pomeraniae
752 3427 863 3500 Ducis
890 3439 955 3500 etc.
977 3440 1011 3496 et
1031 3423 1138 3493 faciat
1163 3445 1244 3492 eum

254 3547 384 3624 σκεῦος
402 3535 533 3622 ἐλέους,
554 3549 590 3606 ει
604 3532 809 3624 Principem
821 3527 1010 3599 salutarem
1019 3520 1198 3598 Ecclesiae
1212 3535 1247 3593 et

250 3644 408 3760 patriae,
434 3637 562 3711 Arnen.
620 3628 732 3708 1554.

1295 3159 1346 3247 S.
1371 3167 1416 3238 D.
1441 3167 1653 3242 Reverende
1671 3170 1739 3253 vir,
1765 3185 1800 3242 et
1814 3173 1925 3241 amice
1940 3167 2158 3248 charissime.
2186 3176 2283 3246 Scri-

1294 3274 1365 3366 psit
1395 3267 1455 3340 hic
1476 3267 1608 3341 Simon
1630 3265 1825 3342 Proxenus
1846 3297 1988 3342 carmen
2012 3276 2058 3343 de
2081 3273 2210 3370 Moyse
2231 3277 2283 3346 le·

1295 3375 1409 3444 riente
1431 3389 1578 3463 petram.
1630 3369 1672 3441 ld
1695 3373 1824 3444 offerre
1839 3373 1996 3444 decant
2008 3368 2189 3467 Episcopo
2206 3369 2282 3444 Li-

1295 3472 1463 3544 basiono.
1530 3471 1690 3561 Quaeso,
1724 3487 1767 3546 nt
1791 3475 2049 3548 adolescentem
2071 3477 2225 3547 consilio
2249 3491 2283 3547 et

1294 3573 1601 3648 commendatione
1615 3573 1754 3648 iuvetis.
1801 3571 1879 3662 Ego
1897 3575 2003 3644 etiam
2020 3575 2124 3649 vobis
2139 3599 2285 3649 munau

1289 3681 1340 3748 de
1355 3675 1475 3765 eclipsi
1491 3674 1604 3760 mitto,
1626 3698 1716 3768 qnae
1730 3676 1885 3767 prolecto
1900 3675 2087 3746 minitatur
2099 3701 2194 3748 nova
2206 3705 2285 3750 cer-

1295 3778 1441 3854 tamina.
1491 3773 1562 3846 Sed
1577 3798 1718 3846 oremus
1733 3776 1847 3847 filiurn
1861 3773 1951 3860 Dei,
1975 3791 2016 3848 ut
2031 3793 2225 3870 maregart,
2250 3794 2285 3850 et

1297 3878 1336 3946 in
1356 3871 1412 3946 bis
1431 3877 1637 3966 regionibns
1652 3900 1789 3970 semper
1803 3873 1998 3948 Ecclesiam
2015 3892 2196 3948 aeternam
2214 3879 2283 3950 sibi

1297 3979 1452 4068 colligat:
1483 3991 1518 4048 et
1533 3977 1666 4047 tribuat
1677 3979 1865 4049 salutarem
1881 3977 2195 4066 gubernationem,
2221 4005 2285 4072 pa-

255 4041 452 4176 Q'
1117 4073 1125 4088 ⁸
1211 4075 1220 4096 '
1296 4104 1371 4148 cem
1387 4093 1422 4150 et
1435 4079 1659 4148 concordiam
1677 4073 1844 4148 Ecclesiis
1858 4091 1892 4148 et
1908 4078 2067 4172 imperiis
2083 4075 2285 4150 harumrc-

458 4286 463 4294 ·
549 4233 619 4324 1⁰·
644 4226 955 4337 H‘m'burgi‘l'
1297 4174 1793 4363 dlidsuillulildullioeslelllidll
1808 4177 2285 4368 ltlcsigdilielrsidneliarldzd}

356 4417 457 4479 Manlii
474 4417 573 4486 imag.
591 4431 620 4486 p·
634 4411 738 4500 ἰδίει.
1297 4381 1352 4451 bis
1383 4381 1545 4450 arbitror.
1606 4378 1703 4451 Bene
1733 4381 1863 4462 valete,
1902 4379 1971 4452 Die
1999 4381 2037 4456 6.
2062 4379 2283 4464 Decembris,
2337 4387 2338 4392 ’

1091 4531 1097 4544 ·
1300 4479 1429 4580 [Αιιιιο
1451 4475 1576 4584 1555]
1590 4472 1631 4577 ¹).

256 4589 510 4679 Reverendiss.
551 4583 605 4656 D.
647 4581 703 4657 D.
741 4575 925 4650 Ioanni
969 4569 1246 4668 Hornlurg,

258 4700 444 4803 Episcopo
465 4683 703 4764 Libnsionne
725 4675 930 4762 Ecclesiae,
966 4671 1161 4746 excellenti
1180 4700 1245 4746 sn-

304 4797 445 4902 pientia
466 4801 498 4865 ei
519 4789 665 4873 virtute,
690 4791 752 4857 ets.
768 4787 927 4878 patrono
945 4799 1013 4846 suo
1034 4771 1194 4856 colendo,
1330 4789 1531 4932 ε)ὴιι.8εοήιῗ)ῗιὶιΙ
1542 4787 1772 4930 ,ffigff-issll‘
1789 4787 1845 4846 boe
1863 4787 2146 4850 meane-ruffi
2171 4815 2283 4854 earm

257 4945 308 5037 S·
331 4951 376 5023 D·
411 4935 720 5051 Rffl'ffldss‘lflfi
736 4926 893 4998 mine·
928 4921 1143 5040 Q⁰³¹3q13⁸¹¹3
1161 4947 1245 5039 1)ξο-
1332 4967 1360 5034 1)
1379 4963 1469 5017 vana
1489 4979 1568 5046 aaa
1589 4959 1664 5017 nn.
1678 4961 1749 5015 naa
1762 4962 1890 5018 susan
1903 4960 1959 5016 ιιιο
1971 4960 2060 5018 esaar.
2073 4973 2151 5020 suan.
2169 4965 2285 5044 caepa.

257 5075 336 5155 pree
359 5047 519 5145 publicas
540 5037 734 5111 discordas
754 5028 950 5099 multorum
967 5045 1078 5092 aurun
1094 5024 1245 5093 alremo-
1364 5032 1446 5088 tunae
1458 5031 1510 5086 fuir
1522 5034 1550 5088 a.
1564 5029 1590 5090 ε.
1602 5030 1675 5088 Dea.
1690 5029 1765 5086 ιεει.
1801 5029 1865 5086 vta.
1879 5031 2142 5104 spissescentem,

256 5183 314 5237 res
328 5167 411 5226 sunt
424 5173 444 5218 a
458 5142 698 5215 doctrinarum
712 5131 859 5211 studiis,¹
874 5143 993 5200 tamen
1007 5122 1079 5197 scio
1093 5121 1192 5197 RD.
1201 5123 1245 5198 T.

258 5284 324 5355 pro
348 5267 410 5327 tna
430 5240 613 5319 excellenti
636 5232 807 5349 sapientia
830 5231 920 5300 velle
943 5225 1151 5344 nontdeleri
1165 5223 1245 5296 lite·

261 5383 338 5452 ras,
364 5372 515 5452 quarum
537 5338 692 5434 cognitio
708 5333 873 5404 omnibus
890 5327 1108 5421 temporibus
1124 5349 1242 5401 neces-

1299 4673 1500 4688 “vu-t*—
