4682 5822
82 223 149 306 4⁶2
639 219 1077 306 uetsuottttum
1127 221 1239 300 blss.
1257 223 1367 297 xlt-
1391 224 1528 302 1655.
2019 229 2098 302 teu

86 407 170 474 casn
192 395 234 469 ln
254 395 421 487 coniugio
435 396 583 471 virtute
623 393 722 469 Haec
735 405 824 468 vare
838 393 1064 490 utullus
1110 397 1458 490 postulat-oreades·
1477 396 1576 468 Haec
1596 400 1730 490 ingenii
1752 401 1914 474 celeritas
1928 423 2011 470 vere
2026 397 2095 470 Dei

86 491 500 595 mamudetseurn'tia,
520 499 618 592 quod
631 513 835 594 nonpnest
852 502 1007 593 ειυκῶρ,
1025 498 1063 567 ld
1090 503 1286 592 reposcet,
1311 514 1346 571 et
1361 501 1561 572 eruditione
1575 501 1783 572 instruenda
1806 518 1868 574 est.
1908 501 2023 572 Talis
2046 514 2098 572 est
2174 535 2183 544 ·

86 612 151 684 est,
175 614 379 688 ostensore,
400 614 443 672 ut
462 602 501 672 in
516 600 631 674 Raois
649 597 900 692 Aristophanis
915 601 1061 673 dicitnr:
1112 602 1211 692 lepos
1226 598 1411 673 Cananeae
1435 604 1595 672 resilieris
1617 604 1655 672 in
1678 606 1890 676 refutatione
1912 601 2103 698 asperrimi

86 695 158 772 elau
177 695 370 798 βόρβορον
388 697 507 778 πολὺν
530 698 598 776 καὶ
619 707 722 798 σκῶρ
744 698 803 776 ἀεὶ.
823 708 920 790 νῶν,
948 701 1064 796 plo'ri-
1114 704 1218 774 dicti:
1251 727 1327 776 non
1353 709 1452 776 decet
1478 705 1632 777 liliorum
1664 707 1791 796 paoe'm
1823 706 1972 776 canibus
2003 705 2104 776 dare}

86 824 178 874 mum
201 806 305 876 coeni
327 819 361 876 et
384 819 519 878 stercus
542 827 681 898 temper
693 807 850 881 fluitans.
903 805 958 878 Ac
977 804 1065 876 alibi
1115 803 1181 876 lllo
1199 809 1322 876 contra
1342 807 1526 896 celerrime
1549 807 1649 878 addit
1676 807 1817 898 regulae
1848 807 2100 898 exceptionem.

87 904 199 997 inquit
219 901 493 1000 Aristophanes:
531 904 595 980 ἵνα
615 903 668 1001 μὴ
684 903 852 1008 γένωμαι
875 901 1066 1005 σκωραμὶς
1115 903 1321 994 Assentior,
1353 908 1490 1002 inquit,
1516 913 1576 978 sed
1603 923 1720 979 tomen
1745 924 1780 980 et
1794 910 1910 979 catelli
1930 911 2103 978 fruuntur.

83 1000 296 1102 κωμωδική,
317 1009 458 1082 nefiam
472 1009 775 1084 medolacomica.
827 1009 887 1082 Sic
908 1031 1066 1080 cumve-
1115 1009 1235 1094 micis,
1254 1033 1344 1104 quae
1358 1011 1527 1083 decidunt
1541 1013 1585 1080 de
1601 1011 1730 1080 mensis
1745 1012 1911 1083 filiorum.
1963 1007 2103 1099 Cogitet

85 1121 190 1180 tostas
204 1111 347 1182 sordida
363 1111 456 1182 dicta
472 1111 668 1182 nominarit
691 1125 844 1182 stercora
866 1126 902 1184 et
921 1133 1067 1206 σκωρα-
1116 1107 1174 1182 hic
1190 1113 1302 1184 lector
1316 1113 1495 1199 eruditus,
1520 1129 1649 1206 quanta
1665 1114 1836 1205 sapientia
1852 1113 1892 1182 in
1913 1109 1982 1182 hoc
2002 1111 2103 1182 breui

86 1204 193 1302 pidac
215 1207 457 1306 amputdtxdc,
480 1213 599 1304 potius
616 1213 700 1283 inde
715 1213 834 1284 iudico
856 1238 995 1286 scurras
1010 1213 1067 1282 di·
1118 1214 1216 1284 dicto'
1237 1214 1472 1287 contineatur.
1530 1213 1676 1286 Fatetur
1695 1239 1730 1285 se
1753 1217 1913 1286 catellam
1940 1229 1975 1285 et
2007 1211 2104 1282 iudi-

87 1327 154 1384 ctos
169 1335 264 1394 esse,
290 1340 397 1408 quam
413 1341 433 1384 a
449 1317 628 1406 sequendo
645 1329 678 1386 et
694 1319 880 1390 currendo.
918 1313 967 1386 Et
980 1314 1065 1408 quid
1117 1339 1222 1406 gnam
1241 1339 1316 1384 esse
1331 1315 1508 1391 beneficiis
1522 1315 1607 1402 Dei,
1634 1342 1699 1386 nec
1714 1319 1803 1408 fugit
1825 1331 1964 1400 tamen,
1989 1339 2106 1410 quan·

87 1427 165 1485 snut
183 1416 269 1486 libri
290 1411 458 1502 Cochlei,
492 1416 616 1510 Pygii,
640 1413 760 1501 Eccii,
786 1414 1068 1510 Fabrijflispa-
1118 1443 1224 1511 quam
1241 1417 1387 1487 'fulmen
1413 1441 1487 1487 non
1514 1417 1590 1488 leve
1615 1422 1783 1488 adversus
1806 1442 1884 1488 eam
1907 1419 2105 1487 vilueratum

88 1517 154 1585 nici
177 1514 335 1604 Ructus,
362 1520 423 1612 qui
448 1541 485 1588 se
506 1517 653 1590 Scotum
675 1519 840 1590 nominat
862 1533 896 1590 et
926 1517 1069 1602 similes,
1119 1533 1210 1606 erat3
1241 1521 1303 1588 sed
1329 1520 1412 1605 scit,
1445 1521 1553 1589 micas
1576 1517 1764 1611 Evangelii
1787 1521 1893 1592 etiam
1916 1521 1960 1590 ad
1986 1531 2107 1610 gentes

89 1618 153 1686 nisi
176 1615 412 1716 oxmpuptt'dso
428 1621 554 1712 plenae
577 1609 783 1693 stercorum.
836 1619 918 1692 Non
941 1621 1069 1692 docent
1119 1621 1320 1714 pervenire3
1347 1623 1431 1705 scit,
1454 1623 1564 1713 recipi
1586 1646 1622 1691 se
1638 1636 1782 1714 propter
1799 1617 1896 1692 bunc
1919 1622 2106 1697 domiuum

86 1716 276 1792 Ecclesiam
291 1724 335 1791 de
350 1725 456 1794 rebus
474 1723 697 1806 necessariis,
731 1723 1069 1820 deproprietatibus
1120 1747 1195 1792 non
1225 1737 1373 1814 propter
1398 1723 1531 1813 legem,
1565 1725 1655 1794 velle
1680 1722 1797 1794 Deum
1817 1725 1891 1795 coli'
1909 1747 1984 1794 non
2014 1722 2108 1811 larga,

89 1833 247 1892 naturam
270 1823 309 1892 in
329 1824 404 1894 filio
421 1822 507 1908 Dei,
540 1827 584 1894 de
604 1825 784 1894 beneficiis
805 1827 899 1911 eius,
923 1827 967 1894 de
986 1847 1068 1892 vera
1120 1849 1195 1896 non
1211 1826 1355 1894 fremitu
1368 1827 1537 1896 adversus
1558 1825 1691 1916 ipsum,
1717 1829 1778 1896 sed
1800 1825 2019 1896 confessione
2041 1825 2107 1891 nta-⁸

90 1925 312 1996 conversione
339 1939 374 1998 et
395 1927 637 1998 consolatione
655 1927 819 2018 piorum,
846 1929 890 1996 de
906 1951 990 1996 vera
1013 1927 1070 1994 in-

92 2027 269 2096 vocatione
292 2023 361 2096 Dei
387 2043 421 2098 et
445 2029 525 2117 aliis
546 2029 751 2099 necessariis
773 2029 909 2100 officiis.
970 2027 1069 2118 Que-

92 2141 169 2198 runt
184 2143 322 2200 tantum
338 2125 555 2222 sophismata
572 2133 614 2200 ad
635 2131 845 2202 stabilienda
860 2131 967 2216 idola.
1022 2121 1027 2138 ’

184 2279 289 2352 Hanc
310 2282 682 2360 commemorationem
706 2305 746 2351 eo
770 2283 914 2366 addidi,
946 2295 986 2351 ut
1011 2303 1069 2348 co-

93 2383 179 2472 gnita
209 2383 348 2472 origine
374 2409 502 2452 vocum
527 2379 764 2476 βωμολοχίὰς
792 2397 826 2453 et
849 2381 1071 2452 scurrilitatis

92 2486 191 2573 magis
208 2485 453 2555 consideretur
477 2481 604 2554 horum
620 2487 798 2562 viciorum·
808 2486 1011 2577 turpitudo,
1036 2496 1071 2554 et

92 2587 192 2676 magis
209 2581 426 2656 abhorreant
441 2590 487 2656 ab
502 2590 552 2657 eis
568 2587 751 2670 iuniorum
767 2588 878 2656 animi
900 2599 935 2656 et
952 2581 1071 2679 pe'cto·

93 2711 135 2758 ra.
183 2687 259 2758 Nec
273 2683 415 2780 vero¹⁴)
438 2691 588 2758 dubium
608 2703 679 2772 est,
705 2687 875 2774 Paulum,
902 2711 982 2758 cum
1004 2711 1071 2756 no-

93 2789 193 2860 minat
202 2775 446 2887 pwpoloyi'uv
460 2805 493 2860 et
505 2785 750 2884 εὐτραπελίαν
758 2792 980 2881 complexum
998 2811 1072 2859 esse

95 2885 172 2984 et¹⁵)
192 2891 445 2964 scurrilitatem
468 2905 503 2962 et
531 2894 648 2962 vicina
673 2893 762 2962 vicia
785 2893 906 2962 minus
931 2893 1072 2976 atrocia,

94 2991 311 3078 futilitatem,
337 2995 616 3077 adsentationes,
641 2995 903 3084 sugillationes,
927 2994 1072 3064 cavilla·

93 3094 214 3180 tiones,
254 3097 545 3182 obtrectationes,
581 3107 621 3166 nt
653 3097 759 3166 etiam
790 3097 866 3165 sine
889 3095 1072 3168 atrocitate

93 3195 174 3267 liunt
188 3192 277 3266 baec
295 3199 451 3280 vanitate
465 3200 636 3290 quadam,
660 3213 694 3268 et
714 3221 772 3268 ars
788 3213 839 3268 est
854 3199 1012 3268 alludere
1027 3194 1071 3266 'ad

94 3297 230 3368 affectus
256 3321 399 3385 eorum,
432 3323 585 3393 quorum
608 3325 826 3391 aticupamur
856 3301 1072 3370 benevolen-

96 3398 190 3484 tiam,
222 3413 266 3470 ut
285 3397 435 3472 Croesus
457 3404 499 3470 ad
523 3383 736 3496 Cambysen:
763 3415 847 3470 tunc
864 3403 979 3472 maior
1004 3403 1074 3470 eris

94 3496 196 3592 Cyro,
225 3525 306 3570 cum
321 3503 426 3572 talem
441 3503 553 3572 lilium
578 3504 682 3572 nobis
704 3503 910 3596 reliqueris,
933 3504 1071 3596 qualem

94 3600 147 3670 ille
159 3603 317 3695 reliquit.
367 3601 464 3672 Haec
482 3605 635 3696 ineptiae
651 3629 724 3674 non
742 3618 826 3674 sunt
845 3627 945 3674 rarae
966 3605 1072 3673 etiarn

94 3705 180 3793 apud
193 3699 360 3774 homines
377 3729 451 3776 non
466 3707 599 3790 malos,
622 3731 712 3800 quae
729 3707 867 3791 etiamsi
891 3721 976 3776 sunt
998 3706 1073 3774 sine

71 3862 80 3886 ,
94 3803 233 3889 scelere,
260 3820 379 3876 tamen
395 3831 413 3876 a
429 3833 554 3878 norma
567 3809 724 3879 veritatis
746 3823 781 3879 et
795 3807 959 3879 candoris
980 3832 1072 3877 non·-

95 3900 178 3976 nihil
200 3909 385 3978 recedunt.
436 3909 530 3981 Usus
549 3912 601 3980 est
627 3910 737 4000 igitur
756 3907 891 3982 Paulus
914 3900 1071 3980 molliori

97 4011 234 4078 nomine
248 4005 505 4102 εὐτραπελίας,
533 4025 624 4082 utet
641 4011 727 4082 alibi
749 4014 864 4102 graeci
885 4013 1073 4106 scriptores

95 4133 216 4180 nomen
243 4105 463 4205 εὐτράπελος
487 4137 562 4181 non
578 4115 622 4182 de
645 4113 775 4184 virtute
788 4115 848 4183 sed
867 4117 911 4184 de
928 4109 1074 4184 homine

96 4213 245 4284 versatili
261 4227 446 4306 usurpant.
497 4213 577 4286 Non
593 4238 675 4286 raro
692 4229 808 4286 autem
823 4229 987 4307 peccant,
1011 4215 1073 4319 qui

98 4333 129 4380 se
152 4315 195 4383 ad
217 4315 442 4386 diversorum
467 4312 654 4388 hominum
679 4341 801 4388 sensus
823 4333 990 4389 etmores
1016 4318 1074 4386 in-
1133 4363 1139 4370 -
1191 4336 1194 4345 ·

96 4413 246 4488 flectunt.
308 4415 432 4510 ltaque
460 4419 705 4508 intelligantur
725 4422 818 4512 apud
843 4419 995 4490 Paulum
1017 4444 1078 4488 res

96 4511 261 4605 prehendi
277 4519 368 4588 vicia
385 4521 558 4589 sermonis
576 4545 650 4589 non
668 4521 782 4611 le'pos,
795 4518 871 4614 'qui
892 4533 943 4592 est
965 4508 1080 4597 celer-¹

95 4616 175 4687 rium
191 4621 341 4710 cogitate
359 4623 499 4690 collatio
517 4643 636 4691 rerum
659 4617 855 4710 similium,¹
873 4636 1075 4692 arttcausa-

97 4737 169 4788 rum
182 4722 386 4807 translatio,
413 4735 474 4792 aut
489 4725 560 4792 alia'
574 4723 684 4812 ligura
693 4750 708 4809 ,·
719 4737 757 4794 nt
773 4747 878 4816 supra
893 4717 990 4807 dixi,
1000 4745 1073 4818 nun

97 4832 166 4889 orta
191 4847 210 4891 a
234 4825 390 4894 vanitate
412 4838 472 4894 aut
494 4826 686 4916 cupiditate
701 4827 877 4910 nocendi,¹
898 4819 960 4895 sed
975 4819 1076 4920 utili-

97 4923 153 4990 tati
175 4925 331 5018 serviens
355 4920 517 4996 adhibito'
546 4925 722 4996 modo'in
746 4921 1080 4999 admonendis‘aliis‘

97 5037 152 5094 aut
170 5027 395 5121 consolandis
418 5041 487 5098 out·
502 5025 685 5125 placandis
708 5043 771 5124 eut
794 5024 1006 5112 excitandis,
1030 5034 1076 5128 'ut

128 5305 168 5374 ll)
185 5303 236 5362 llic
248 5306 348 5361 iterum
363 5305 460 5380 incipit
476 5309 544 5363 liber
558 5307 640 5364 Delii.

128 5388 166 5456 ts)
184 5389 240 5448 tit.
253 5392 317 5447 net.
335 5403 363 5448 et
377 5397 460 5448 bene.
497 5442 500 5454 .

1105 4756 1190 4797 :.tt

1106 4841 1395 4943 ,Laurentio
1416 4846 1780 4960 Dtirrnltofcra,·
1805 4833 1964 4956 'gubern
1992 4831 2119 4975 Sobel,

1121 1941 1212 1998 strae
1228 1927 1389 1998 miseriae
1407 1941 1443 1998 et
1457 1927 1583 1998 fiducia
1600 1927 1873 2000 misericordiae.
1912 1925 2016 1997 Hanc
2030 1947 2108 1994 am-

1121 2029 1315 2122 plissimam
1330 2029 1540 2120 sapientiam
1555 2031 1676 2120 liguris
1691 2029 1947 2100 venustissimis
1969 2041 2003 2096 et
2020 2027 2109 2094 ima-

1122 2131 1202 2222 gine
1227 2131 1430 2201 incurrente
1454 2131 1491 2198 in
1517 2133 1639 2202 oculos
1661 2133 1795 2224 pingit,
1825 2156 1905 2200 curn
1937 2130 2108 2208 catellam,

1121 2255 1297 2312 mensam,
1331 2231 1441 2317 filios,
1468 2233 1575 2302 micas
1598 2235 1770 2302 nominat.
1820 2231 1986 2322 Quantus
2012 2231 2109 2322 lepos

1123 2349 1174 2406 est
1191 2331 1229 2402 in
1246 2331 1426 2404 Samsonis
1443 2334 1657 2424 aenigmate!

1184 2448 1192 2466 “
1223 2433 1322 2504 Haec
1344 2450 1379 2506 et
1398 2436 1528 2506 similia
1554 2437 1713 2528 exempla
1729 2435 1887 2505 iuniores
1905 2430 2111 2504 intueantur

1123 2551 1157 2608 et
1173 2537 1313 2607 discant
1338 2538 1534 2628 intelligere
1559 2539 1731 2609 virtutum
1749 2539 1896 2627 gradus,
1922 2559 2011 2630 quae
2038 2527 2110 2604 sint

1123 2641 1336 2710 necessariae
1357 2655 1390 2710 et
1411 2665 1501 2734 quae
1522 2640 1596 2712 sint
1620 2653 1829 2714 ornamenta
1865 2635 2111 2708 excellentium

1124 2742 1369 2833 ingeniorum,
1395 2756 1429 2815 et
1446 2745 1625 2836 quomodo
1647 2742 1759 2812 literis
1773 2741 1974 2832 cognitione
1999 2733 2113 2808 histo-

1123 2843 1276 2929 riarum,
1301 2843 1470 2914 varietate
1486 2846 1635 2928 artium,
1650 2843 1866 2928 imitatione,
1893 2840 2111 2932 prudentum

1124 2946 1435 3036 circumspectione
1457 2960 1584 3017 natura
1609 2947 1763 3015 iuvanda
1789 2945 1844 3015 sit.
1895 2940 1943 3013 Et
1969 2957 2114 3013 utamur

1124 3047 1228 3118 donis
1243 3037 1314 3116 Dei
1335 3047 1513 3140 adipsum
1536 3049 1807 3131 celebrandum,
1833 3057 1867 3115 et
1883 3047 1929 3144 ad
1952 3039 2113 3114 commu>

1124 3173 1205 3220 nem
1229 3151 1545 3234 consociationem,
1569 3151 1610 3219 in
1623 3174 1691 3243 qua
1707 3147 1982 3219 vult‘virtutum·
1999 3144 2114 3214 ollicia

1124 3251 1261 3338 lucere,
1286 3265 1328 3322 ut
1347 3273 1576 3341 agnoscamus
1597 3277 1681 3322 eum
1707 3265 1741 3322 et
1763 3249 1883 3320 adesse
1904 3249 2022 3338 generi
2045 3239 2114 3315 hu-

1124 3377 1252 3438 mano,
1279 3368 1314 3424 et
1336 3377 1436 3424 suam
1459 3354 1666 3444 sapientiam
1693 3367 1726 3423 et
1744 3375 1823 3423 suas
1840 3351 1987 3420 virtutes
2001 3349 2113 3420 mori-

1126 3455 1217 3546 geris
1256 3469 1289 3524 et
1327 3455 1577 3528 invocantibus
1616 3456 1733 3546 ipsum
1775 3444 2115 3540 communicare¹¹);

1124 3551 1226 3645 Bene'
1246 3556 1341 3641 vale,
1365 3547 1561 3631 Malthace
1579 3557 1772 3637 carissime,
1795 3549 1915 3624 'Anno
1936 3547 2047 3622 1555.
2076 3549 2114 3617 iu

1124 3655 1286 3740 Pascate,
1311 3659 1407 3750 quod
1422 3659 1490 3728 fuit
1505 3659 1551 3728 ab
1562 3659 1661 3727 'exitu
1676 3653 1919 3725 lsraiilitarum
1944 3674 1984 3722 cx
1999 3648 2115 3746 Aegy-

1125 3773 1185 3850 pto
1199 3757 1307 3830 Pasca
1326 3758 1440 3833 3064.
1491 3755 1582 3828 Tarii
1597 3761 1660 3830 diu
1676 3760 1755 3828 curn
1783 3753 1975 3827 servaverit
1990 3749 2116 3851 Eccle-

1125 3859 1213 3930 siam
1233 3861 1327 3930 lilius
1351 3857 1438 3946 Dei,
1459 3885 1639 3950 speremus
1659 3875 1692 3931 et
1714 3859 1878 3951 deinceps
1895 3852 2114 3926 servaturum

1126 3987 1217 4048 esse,
1242 3975 1276 4066 ep
1294 3963 1384 4031 veris
1400 3963 1587 4054 gemitibus
1599 3988 1679 4034 eum
1694 3977 1895 4054 precemur,
1916 3972 1961 4028 'ut
1979 3978 2116 4048 semper

1125 4066 1163 4133 in
1178 4059 1234 4134 his
1252 4063 1456 4155 regionibus
1472 4081 1650 4138 aeternam
1666 4061 1860 4136 Ecclesiam
1877 4060 1945 4131 sibi
1961 4049 2117 4177 colligati.¹

1129 4263 1386 4281 m..
1390 4269 1397 4278 ,
1401 4263 1965 4280 ”mmm
1969 4249 2063 4274 ωο-Ᾰεὺὑ
2067 4254 2116 4271 '‘¹⁶'‘

1917 4385 1920 4392 ⁴
1964 4399 2021 4458 17.
2036 4349 2116 4488 Apl.

1941 4481 2112 4512 Μ

1266 4627 1270 4634 .
1394 4559 1448 4646 L.
1478 4551 1821 4678 Dtimvtleofaro.
1966 4587 1974 4690 Ἰ
2039 4629 2059 4668 .-

1197 4777 1200 4788 .
1219 4701 1311 4788 'Episb
1331 4701 1379 4758 lib·
1392 4703 1438 4759 Vl..
1456 4721 1482 4774 p.
1495 4703 1546 4759 254
1559 4723 1598 4776 sq.
1622 4701 1640 4740 -’

1125 4390 1191 4472 No.
1205 4382 1319 4463 5770.

1135 4487 1306 4514 Μ

1340 4968 1382 5065 ,3
1423 4961 1462 5081 p,
1490 4957 1829 5068 ,ppsaaousaaa
1866 4980 1869 4990 ¹
1999 4976 2043 5067 .’

1025 5152 1051 5164 .,
1075 5151 1080 5160 ·
1107 5064 1256 5175 :Silis
1303 5083 1503 5190 Utrumque
1529 5100 1631 5167 docet
1658 5123 1725 5167 vox
1752 5092 1894 5182 divina',
1920 5065 2016 5168 elce
2042 5070 2117 5187 ipsa
2220 5113 2223 5120 ’

1066 5285 1072 5292 ‚
1107 5177 1347 5325 'perperimum
1379 5213 1571 5294 utrumque
1596 5199 1817 5270 verissimum
1847 5223 1939 5286 esse,
1973 5213 2008 5269 et
2030 5200 2116 5270 sub-

1109 5342 1113 5362 p
1132 5337 1341 5358 ,ηι-ἣ-

898 5425 921 5472 ··;
1109 5358 1756 5466 .'tousaanaffirtaauntnuna.

1412 5463 1498 5539 30*
