4712 5828
242 241 319 328 dli
610 159 615 168 ¹
823 219 1255 310 nutsrouanun
1303 219 1521 303 mittut.
1576 217 1710 306 tuot.
2202 223 2274 303 stt
2326 142 2329 310 i

249 424 344 498 nico.
399 415 485 491 Post
509 410 681 498 biduum,
712 407 790 482 Deo
815 407 981 489 iuvante,
1010 405 1079 476 iter
1103 399 1149 474 ad
1173 421 1240 472 vos
1291 399 1525 470 condemnata
1548 411 1618 485 est,
1655 411 1692 470 et
1714 419 1864 493 sponsus
1883 399 2014 472 deiude
2035 399 2144 471 aliem
2169 399 2276 476 duxit

250 521 442 619 ingrediar.
490 513 591 592 Beue
606 529 642 588 et
654 513 805 586 feliciter
818 511 898 582 vale
914 533 996 582 cum
1007 503 1165 580 Ecclesia
1180 517 1242 576 tus
1291 495 1370 572 Etsi
1384 499 1556 574 miramur
1569 497 1781 574 Consistorii
1796 501 1943 574 Misnici
1958 502 2204 597 asperitatem,
2230 515 2276 572 ta-

252 625 455 702 domestics.
505 616 607 694 thl.
623 615 677 693 ld.
692 613 873 711 Septemb.
1292 625 1375 674 men
1389 603 1524 675 iudices
1535 604 1576 674 in
1592 616 1713 676 nostro
1726 601 1947 676 Consistorio
1961 599 2029 676 boc
2044 629 2120 676 nou
2135 605 2277 678 iaciunt.

993 706 1195 804 Philippus.
1295 703 1416 800 ltaque
1431 705 1518 800 petit
1535 721 1652 798 pastor
1667 701 1843 776 Ecclesiae
1857 697 2115 794 Oschocemts,
2140 719 2182 778 ut
2197 729 2278 776 con·

1294 809 1400 878 traria
1423 807 1597 880 sententia
1614 807 1755 900 publica
1772 809 1901 879 mulier
1917 809 2131 884 absolvatur.
2182 803 2280 878 Nihil
2331 830 2332 906 p

258 945 1245 992 .....-----—---—----·-···-·-········
1295 910 1404 1000 igitur
1434 910 1512 1004 opis
1542 909 1709 982 adferunt
1730 911 1878 982 miserae
1898 911 2042 981 mulieri
2066 912 2231 983 sacerdos
2252 925 2282 981 et
2331 907 2332 916 ’

253 1064 264 1080 ,
1295 1011 1414 1084 levita.
1475 1011 1580 1084 Nunc
1596 1011 1859 1100 Samaritanus,
1891 1013 1987 1086 filius
2001 1011 2088 1096 Dei,
2114 1013 2149 1084 ei
2165 1013 2282 1104 opitu·
2332 1058 2333 1118 p

268 1131 338 1208 No·
352 1126 466 1206 5665,
1083 1125 1119 1190 6.
1134 1112 1221 1199 Sept.
1296 1115 1400 1186 letur.
1452 1111 1532 1208 Ipsa
1546 1113 1677 1184 mulier
1693 1115 1762 1186 tuit
1784 1127 1886 1187 antea
1909 1129 2019 1208 nupts
2038 1115 2136 1198 vino,
2169 1139 2191 1184 e
2215 1139 2283 1208 quo
2332 1119 2333 1130 ’

263 1227 477 1270 W
795 1241 802 1256 ·
1070 1205 1232 1240 Μ
1297 1216 1456 1286 sobolem
1474 1209 1612 1292 babuit.
1638 1211 1694 1286 Eo
1711 1229 1851 1288 mortuo
1867 1217 1995 1288 incidit
2008 1217 2189 1288 calamitas
2207 1241 2284 1287 cum

550 1303 661 1418 ΟΡῙΙ.
688 1299 947 1392 Pannonio·
1297 1319 1361 1388 illo
1379 1339 1527 1412 sponso,
1553 1317 1611 1388 cui
1626 1331 1782 1412 nuptura
1798 1335 1882 1406 erat,
1908 1333 1942 1392 et
1958 1319 2131 1404 adfirmat,
2157 1343 2195 1388 se
2211 1319 2285 1388 sine
2333 1288 2334 1352 δ

359 1473 435 1548 Epist
464 1466 733 1540 tn.v1.p.rst.q.
1298 1421 1401 1512 culpa
1430 1445 1515 1496 esse.
1573 1415 1651 1511 Ego
1684 1419 1794 1511 igitur
1819 1447 1860 1492 ex
1885 1421 2101 1512 gravissimis
2127 1435 2159 1492 et
2186 1419 2286 1492 iustis

438 1511 446 1530 ⁸
1298 1521 1412 1592 causis
1434 1523 1572 1610 iudico,
1604 1523 1638 1593 ei
1667 1523 1934 1594 concedendum
1965 1547 2039 1595 csse
2068 1524 2286 1612 coniugium.
2334 1516 2335 1534 *

261 1627 463 1733 Philippus
488 1619 716 1704 Melanthos
748 1611 1097 1720 Christoplsoro
1126 1611 1251 1688 Pan·
1299 1621 1346 1695 Et
1367 1625 1416 1694 ait
1431 1625 1521 1695 velle
1534 1627 1724 1720 quamdam
1739 1623 1851 1716 ipsam
1868 1629 2014 1712 ducere,
2045 1625 2107 1721 qui
2122 1625 2212 1696 velit
2226 1620 2287 1694 ba-

686 1724 828 1798 nonio
1299 1726 1413 1798 bitare
1436 1727 1476 1797 in
1498 1739 1612 1798 vestra
1627 1727 1790 1802 dioecesi.
1842 1725 1927 1798 Ideo
1945 1753 2028 1814 oro,
2053 1740 2146 1799 utet
2163 1727 2288 1797 coniu-
2335 1746 2336 1798 t

1299 1829 1397 1920 gium
1411 1829 1442 1900 ei
1460 1829 1683 1916 concedatis,
1716 1843 1750 1900 et
1764 1853 1845 1902 sum
1861 1852 2001 1916 suasor,
2026 1851 2071 1900 ue
2091 1829 2236 1922 pellatis
2253 1853 2289 1898 ex

1299 1943 1414 2000 vestra
1429 1931 1572 2006 vicinia.
1611 1929 1751 2002 Videtis
1766 1955 1872 2026 quam
1888 1932 2038 2004 sollicite
2053 1955 2118 2024 pro
2134 1955 2174 2002 ca
2191 1933 2291 2002 labo-
2336 1976 2337 2030 η

265 2107 362 2175 mm,
395 2085 459 2181 qui
479 2079 696 2180 aTymnnis
720 2074 940 2148 horribiliter
961 2077 1136 2148 interfecti
1158 2090 1252 2158 mm,
1301 2045 1354 2103 ret
1370 2031 1494 2104 Pastor
1510 2029 1687 2103 Ecclesiae
1700 2023 1964 2122 Oschacenst's,
1997 2048 2032 2106 ct
2055 2031 2196 2104 animae
2216 2059 2290 2102 mu-

267 2219 309 2266 ac
327 2210 450 2262 versus
466 2201 599 2258 veteres
615 2183 842 2265 recordabar,
873 2179 936 2274 qui
952 2182 996 2250 de
1011 2177 1156 2250 Socrate
1169 2203 1253 2270 pro-
1301 2137 1398 2205 hem
1429 2135 1687 2206 ⁰⁰⁰⁸⁰¹⁰¹¹d⁰¹¹¹
1717 2147 1780 2211 ²⁵¹·
1843 2131 1973 2207 cmm
1994 2135 2097 2205 V⁰b¹⁸
2119 2159 2291 2228 0¹P⁰¹¹³m

267 2290 428 2368 nunciati
452 2301 536 2360 sunt
560 2298 641 2378 post
666 2285 742 2354 eius
768 2305 908 2366 necem,
940 2305 1020 2352 cum
1048 2279 1124 2351 eius
1148 2281 1254 2352 amici
1302 2238 1479 2308 rationem
1502 2237 1571 2307 mei
1594 2235 1746 2312 consilii.
1811 2233 1909 2308 Bene
1930 2250 1965 2310 et
1984 2235 2134 2308 feliciter
2159 2235 2293 2310 Valete.
2337 2204 2338 2268 δ

268 2404 449 2470 curassent
467 2387 703 2480 Tragoediam
726 2383 926 2453 Palamedis
945 2383 1097 2458 recitari.
1149 2373 1255 2456 ἑκτά·
1302 2337 1370 2410 m‘
1391 2339 1503 2412 ”mli
1521 2335 1772 2431 M³¹3³⁰Vfffb
1790 2335 1900 2415 1554·

268 2523 371 2584 νατε,
402 2487 571 2567 emmas
595 2483 666 2584 τὴν
692 2481 837 2579 μηδένα
865 2477 1072 2582 βλάψασαν
1098 2478 1254 2579 ἀηδόνα.

267 2599 354 2674 Non
379 2595 523 2670 contem
546 2617 603 2662 me
628 2591 675 2662 ad
700 2589 782 2660 illos
806 2601 1024 2680 praestantes
1046 2587 1160 2674 viros,
1194 2587 1254 2656 sed
1308 2645 1761 2664 ..-.-.....-.......„„
1777 2651 1792 2662 „

269 2717 390 2775 tamen
403 2709 508 2790 puto,
533 2717 590 2763 mc
601 2713 744 2786 quoque
757 2712 830 2760 esse
846 2681 991 2782 ἀηδόνα
1004 2683 1148 2782 μηδένα
1162 2679 1257 2783 βλά-

270 2822 414 2904 ψασαν.
464 2793 513 2870 Et
533 2795 654 2880 vides,
688 2793 867 2888 quomodo
889 2791 928 2859 in
947 2815 1004 2860 me
1019 2791 1176 2860 saeviant
1189 2785 1258 2886 hy.
1305 2769 1501 2849 Nostius.
1920 2789 1978 2852 to.
1994 2779 2080 2866 Sept·
2103 2779 2272 2867 (Lipsiae).

271 2903 438 3004 pocritae,
462 2922 615 2996 qnorum
634 2894 717 2966 satis
729 2893 877 2963 immitis
889 2907 941 2964 est
954 2891 1125 2990 tyrannis.
1174 2889 1259 2964 Pla·
1308 2873 1509 2904 m
1907 2875 2291 2918 W
2340 2892 2341 2934 l

271 3019 328 3080 cet
344 2999 435 3076 mihi
448 2997 507 3072 edi
522 2997 728 3072 Ciceronem
744 3009 865 3080 tuum,
890 3010 924 3067 et
938 2995 1115 3066 adiuvabo
1131 2993 1261 3065 editio·
1658 2979 1706 3070 G,
1736 2980 1953 3071 Pgmro,

273 3131 375 3194 nem,
408 3104 439 3175 si
458 3099 518 3176 bic
542 3101 596 3172 vis
622 3098 757 3171 excudi.
815 3095 881 3169 sin
905 3111 1022 3216 autem
1046 3097 1126 3167 istic
1148 3097 1261 3214 mavis
1379 3140 1701 3218 Epist.ttt.11.p.ttr.
1719 3141 2153 3220 (ed.tona.1ss‚11..p,m,)‚

274 3213 398 3296 edere,
416 3206 555 3278 mittam
571 3197 620 3299 *).
662 3199 761 3271 Beue
777 3200 864 3272 vale.
901 3197 969 3270 Die
983 3197 1017 3270 6.
1034 3197 1262 3292 Septembris.

264 1873 314 1966 S.
341 1879 388 1960 D.
445 1875 663 1954 Charissime
685 1878 804 1947 frater.
861 1871 953 1944 Cum
977 1873 1127 1964 legerem
1150 1885 1252 1944 tuum

264 1989 493 2071 Ciceronem,
525 1981 720 2072 cogitabam
747 1977 859 2047 exitus
892 1977 1086 2048 multorum
1113 1975 1253 2067 sapien-

2097 2437 2138 2514 P.
2156 2439 2246 2514 Mel.
2338 2434 2339 2522 J

1549 3299 1603 3380 D.
1628 3296 1845 3402 Cospuro
1869 3297 2066 3376 Peucsro

1314 3439 1362 3530 S.
1390 3451 1432 3522 D.
1483 3446 1699 3522 Charissime
1714 3451 1776 3520 fili.
1809 3447 1859 3524 Ut
1873 3465 1945 3524 tres
1960 3449 2060 3542 Magi
2077 3455 2303 3545 proficiscen-

358 3586 473 3666 66·
1091 3582 1262 3702 us,
1379 3556 1422 3624 6
1438 3549 2148 3726 ⁶.

283 3684 454 3719 ψ
699 3765 755 3855 Ν.
784 3765 839 3852 Ν.
1140 3727 1142 3732 V
1315 3681 1396 3830 bbin
1409 3677 1710 3828 ibdlblddlelinlbora
1735 3753 1805 3828 huc
1827 3757 1989 3828 venimus
2003 3681 2189 3831 Franbidi
2197 3679 2308 3834 bedboi-

345 3935 426 4010 †Er
438 3930 732 3992 collectttsltansseds.
750 3925 812 3985 Vol.
821 3927 842 3986 Ι.
859 3927 965 3998 p.192,
981 3925 1019 3982 ibi
1032 3926 1164 3999 descripta
1176 3945 1191 3981 e
1203 3927 1267 3984 eod.
1316 3863 1386 3946 ω’
1409 3875 1446 3934 ει
1459 3881 1534 3950 ego’
1559 3859 1616 3930 die
1634 3859 1771 3932 decimo
1784 3857 2014 3950 septembris*
2039 3865 2136 3958 ΨΜ
2151 3865 2307 3937 bustum

379 3999 606 4064 MseMatuesii.
630 4031 665 4044 ..
700 3995 847 4052 ahons.
869 4015 937 4055 vero
955 3996 997 4050 vix
1018 3995 1124 4052 aaa..
1136 3993 1266 4070 incripta
1317 3979 1352 4035 et
1366 3961 1450 4034 felix
1468 3959 1524 4032 sit.
1575 3957 1662 4032 Cras
1676 3959 1805 4052 cogitat
1818 3959 1863 4036 D.
1879 3955 2099 4036 locabimus
2116 3967 2309 4058 profiscisci

377 4075 472 4132 lune.
1317 4081 1456 4138 meeum
1481 4063 1527 4136 ad
1551 4053 1807 4138 Grimncnssm
1834 4055 2010 4154 scholam,
2047 4067 2181 4139 deiude
2207 4066 2311 4140 Mis·

710 4218 760 4299 N
785 4217 836 4296 N
1318 4191 1425 4254 nom,
1465 4191 1508 4237 eo
1529 4179 1564 4237 et
1584 4159 1756 4237 Francos
1783 4167 1905 4253 ducet,
1946 4193 2017 4260 quo
2042 4169 2228 4242 existimat
2250 4195 2312 4242 nos

753 4276 784 4299 ”
830 4275 841 4297 ·
1319 4283 1488 4341 venturos
1503 4291 1578 4339 esse
1591 4269 1650 4339 die
1669 4267 1727 4343 tt.
1740 4267 1969 4359 Septembris.
2002 4265 2057 4340 Eo
2073 4273 2213 4364 poteris
2228 4289 2312 4346 tunc

280 4375 329 4466 S.
360 4383 400 4458 P.
451 4381 661 4456 Reverende
681 4375 728 4453 D.
749 4375 875 4448 Pastor
898 4387 933 4445 et
955 4373 1132 4446 carissime
1150 4375 1269 4449 frater.
1320 4373 1363 4442 sd
1386 4393 1453 4441 uos
1478 4371 1610 4446 venire.
1665 4367 1714 4442 Et
1734 4369 1839 4440 velim
1863 4383 1898 4442 te
1919 4367 2094 4443 adducere
2108 4369 2312 4446 Mensem

280 4465 500 4564 Transvebit
514 4481 755 4555 Samaritanus
779 4479 874 4550 lilius
887 4476 955 4552 Dei
977 4475 1135 4548 saucium
1155 4477 1270 4550 viato-
1321 4473 1497 4545 conducto
1515 4497 1634 4566 equo..
1654 4469 1746 4543 Nam
1761 4475 1868 4543 domo
1884 4485 1920 4543 te
1935 4475 2099 4562 absente,
2125 4493 2312 4570 quaereret

280 4617 357 4666 rem
373 4591 413 4660 in
431 4583 686 4667 diversorium,
711 4581 750 4649 in
763 4575 977 4665 Ecclesiam,
1008 4601 1098 4673 quae
1120 4604 1202 4650 vere
1219 4593 1271 4650 est
1320 4576 1387 4658 alia
1409 4575 1585 4650 sodalitia.
1643 4571 1762 4645 Hodie
1785 4573 1824 4644 in
1847 4574 1904 4644 via
1920 4597 2057 4646 mecum
2071 4577 2143 4649 fuit
2157 4583 2315 4652 nuncius

281 4689 526 4768 nosocomion.
550 4695 554 4704 '
582 4679 639 4754 Εο
663 4677 844 4754 transvehi
866 4706 902 4752 sc
924 4682 1029 4754 etiam
1050 4695 1128 4754 orat
1142 4683 1271 4754 mulier
1320 4671 1619 4772 Anspaclscnsr's,
1652 4678 1714 4770 qni
1746 4677 1865 4748 attulit
1895 4677 2016 4748 literas
2043 4676 2128 4775 napi
2153 4677 2317 4778 cipcolcr-

281 4785 547 4870 Oschuosnss's,
573 4787 618 4856 de
641 4807 710 4880 qua
730 4781 852 4852 scribit
864 4779 935 4853 huc
950 4786 993 4853 ad
1011 4781 1271 4855 Consistorium
1320 4777 1462 4874 τρείας,
1489 4801 1577 4874 quas
1594 4779 1676 4850 misi
1690 4777 1863 4869 Magistro
1879 4771 2014 4865 Paulo,
2040 4783 2085 4852 ad
2103 4807 2214 4876 quam
2232 4787 2318 4856 scri.

280 4899 409 4972 Pastor
440 4881 699 4962 Oscbocansis.
763 4881 1011 4956 Narratiouem
1037 4886 1120 4956 lacti
1152 4887 1273 4958 literas
1322 4883 1376 4974 psi
1392 4895 1426 4952 ct
1440 4885 1484 4952 de
1501 4881 1632 4972 patriae
1645 4880 1907 4967 controversiis,
1931 4895 1966 4952 et
1981 4881 2025 4952 de
2040 4883 2130 4954 aliis.
2170 4887 2317 4976 Quaeso

282 4998 435 5098 pasturis
468 4991 662 5066 continent.
720 4983 812 5058 Cum
840 4999 929 5056 esset
954 5010 1082 5080 sponsa
1108 4989 1207 5058 venit
1234 4987 1273 5056 in
1322 4997 1361 5055 ut
1384 4985 1488 5054 nobis
1509 4985 1721 5074 respondeas
1736 5007 1800 5075 per
1816 4979 1912 5054 hunc
1930 4983 2168 5060 tabellarium.
2226 4987 2320 5060 Dedi

285 5100 523 5198 suspicionem
540 5106 575 5164 et
588 5104 745 5162 accusata
766 5102 827 5158 est.
886 5085 961 5175 lbi,
987 5089 1069 5183 quia
1084 5089 1200 5161 voluit
1215 5089 1274 5160 iu·
1324 5086 1356 5154 ei
1381 5109 1509 5156 novem
1533 5107 1681 5176 grossos.
1741 5081 1789 5156 Et
1812 5085 1926 5178 scribe
1949 5088 1994 5156 de
2014 5087 2088 5157 lilio
2111 5089 2263 5176 et'filia‚
2288 5105 2320 5160 et

283 5215 443 5278 ramento
460 5223 496 5270 se
510 5215 660 5294 purgare
675 5215 755 5263 cum
771 5215 847 5261 non
862 5205 951 5264 esset
965 5193 1137 5278 convicta,
1155 5205 1273 5263 tamen
1325 5208 1555 5282 quaecunque
1577 5185 1646 5257 alia
1668 5188 1811 5280 putabis
1825 5189 1930 5278 digna
1949 5211 2023 5258 esse
2039 5187 2163 5263 literis.
2222 5191 2321 5264 Bene

1325 5291 1415 5360 vale.
1463 5287 1857 5382 Die10.septembris,
1881 5283 2051 5386 Lipsiae.

320 5431 350 5499 s)
368 5427 433 5483 Vid.
446 5427 523 5501 epist.
537 5445 576 5482 cx.
585 5421 658 5482 Nov-
673 5419 707 5474 ad
722 5415 933 5475 Cosciclitrium.
