4688 5816
202 227 303 354 'aas
792 269 1228 355 unmuouauuu
1280 271 1499 350 usuro.
1544 267 1702 353 cacat
2187 269 2258 348 ato

231 459 434 536 contexere,
458 462 622 522 ettotum
641 447 839 520 aediliiium
854 463 981 524 *ments
997 445 1216 544 contempla-i
1244 449 1298 521 'et
1311 443 1449 540 phrasis
1463 445 1586 538 gignit.
1628 443 1677 520 Et
1691 441 1777 520 bace
1790 447 1966 521 sententia
1984 471 2065 520 cum
2082 457 2161 518 toto
2176 467 2252 514 cor-

230 556 281 640 ti,
307 566 343 626 et
363 553 402 624 in
425 551 541 622 verbis
565 551 728 623 retinere
744 551 899 622 nativam
924 551 1219 644 siguificatiem'em
1266 543 1661 642 port'Pr'opheticarum
1677 547 2014 643 etApostolicarum
2038 547 2251 620 concionum

232 656 329 726 iuxta
364 650 512 748 phrasin
545 651 710 741 usitatam
743 647 934 744 Prophetis
965 671 1000 726 et
1024 651 1219 748 Apostolisa
1245 650 1445 742 congruit,
1480 675 1590 746 quam
1617 651 1767 724 retinuit
1794 665 1829 722 et
1848 649 2091 743 Augustinus,
2124 647 2192 718 etsi
2218 659 2252 716 et

234 752 706 850 cumque-iarncognoverit
729 753 816 848 quid
840 753 974 848 Paulus
996 757 1107 841 dicat·;
1126 755 1218 826 mani
1265 755 1389 844 iperet
1401 751 1463 822 alii
1481 753 1644 846 quidam,
1669 754 1753 849 quia
1767 752 1807 822 in
1822 755 2002 848 loquendo
2017 749 2252 842 negligentio-

121 851 123 858 '
234 861 279 928 ab
301 860 378 950 ipso
401 857 512 926 discet
532 855 619 950 quid
640 856 745 942 velit,
770 879 844 925 nou
858 859 1001 948 affinget
1016 857 1219 950 peregrinas
1265 877 1320 924 res
1334 856 1498 934 luerunt,
1516 853 1694 926 interdum
1710 853 1783 926 suis
1802 856 2087 927 enarrationibus
2101 851 2252 922 miscent

237 958 525 1050 imaginationes,
550 957 747 1034 intuebitur
766 971 890 1034 mente
908 961 1115 1034 universum
1135 981 1217 1035 cor·
1266 948 1523 1052 daoooi'oyiuu
1582 951 1705 1028 Novus
1732 958 1908 1050 interpres
1928 949 2121 1052 Staphylus
2154 975 2251 1023 nunc

236 1050 742 1154 pusdoctrinaePropheticae
759 1055 1049 1154 etApostolicae,
1081 1061 1119 1132 in
1161 1083 1219 1144 uo,
1265 1059 1451 1128 minitatur
1467 1056 1597 1126 nostris
1610 1055 1779 1130 Ecclesiis
1792 1059 1973 1140 atrociter,
1999 1074 2034 1129 et
2053 1055 2189 1126 iactitat
2215 1075 2252 1122 se
2335 1091 2336 1102 ι

236 1187 317 1234 cum
333 1161 506 1252 intelliget
519 1184 728 1233 consensum
743 1183 816 1232 esse
833 1177 1044 1258 perpetuum
1059 1087 1219 1243 eumqbac
1266 1159 1342 1228 fore
1355 1161 1574 1249 adsertorem
1590 1158 1892 1256 interpretationis
1900 1175 2076 1244 veterum,
2094 1156 2157 1251 qui
2170 1179 2253 1225 cum

236 1261 341 1334 Pauli
357 1263 536 1346 doctrina,
559 1255 651 1334 nihil
671 1263 848 1336 dubitabit
869 1257 961 1336 haue
984 1287 1056 1336 esse
1078 1276 1218 1360 senten-
1266 1284 1328 1330 sua
1344 1257 1508 1356 mysteria
1525 1260 1697 1352 proferet,
1720 1257 2083 1341 iudicabitEcclesia,
2107 1253 2252 1329 utPau·
2335 1333 2336 1336 ,

238 1365 325 1436 tiam
346 1361 467 1454 Pauli,
492 1388 598 1456 quam
621 1363 731 1453 ipsius
755 1363 868 1439 oratio
891 1379 926 1436 et
949 1367 1118 1439 continua
1138 1387 1218 1457 par·
1267 1363 1323 1432 lus
1345 1361 1474 1454 iuquit.
1523 1357 1574 1432 Et
1596 1385 1659 1452 ego
1681 1387 1739 1434 me
1760 1363 1877 1458 ipsum
1897 1357 2252 1434 ethanccnarratio-
2335 1393 2336 1400 ι

240 1468 330 1538 ῑίιιιιι
355 1465 459 1538 series
481 1465 602 1556 giguit.
654 1454 802 1538 Adleret
820 1467 925 1539 etiam
942 1467 1053 1538 lector
1065 1480 1218 1562 mentem
1267 1488 1347 1532 nem
1357 1457 1538 1554 Epistulae
1550 1459 1673 1550 Pauli,
1688 1475 1722 1536 et
1737 1477 1850 1536 cetera
1866 1487 1942 1534 mea
1957 1465 2086 1556 scripta
2103 1459 2251 1534 sublicio

239 1593 314 1638 non
336 1552 537 1660 profanam,
570 1592 643 1638 nou
662 1583 850 1661 *amantem
878 1561 1114 1660 sophistices,
1145 1591 1219 1638 non
1267 1564 1399 1664 iudicio
1416 1563 1557 1657 piorum
1571 1577 1606 1636 et
1620 1565 1841 1638 eruditorum
1859 1568 2015 1638 virorum
2031 1567 2069 1634 in
2084 1559 2252 1635 Ecclesiis

118 1711 135 1726 ·-
177 1715 182 1720 -
238 1671 415 1740 furentem
431 1667 626 1740 ambitione
640 1683 675 1739 et
689 1669 793 1771 odip,
816 1673 879 1742 sed
894 1669 1076 1744 timentem
1092 1668 1220 1754 Deum,
1268 1667 1415 1750 nostris,
1447 1689 1598 1759 quarum
1620 1681 1704 1760 opto
1727 1682 1910 1742 aeternum
1934 1689 2146 1738 eonsensum
2169 1687 2255 1746 esse,

240 1783 416 1841 amantem
434 1769 611 1854 veritatis,
633 1786 859 1862 quaerentem
883 1795 985 1842 veras
1006 1771 1218 1842 consolatio-
1268 1769 1390 1862 quain
1408 1789 1446 1836 rc
1463 1767 1575 1837 miror
1590 1767 1742 1862 impetus
1753 1773 1997 1864 quorundam,
2018 1767 2083 1863 qui
2098 1789 2181 1838 eum
2196 1767 2254 1836 fo-

239 1895 301 1942 ues
322 1871 359 1940 in
382 1871 611 1943 conversione
630 1885 665 1944 et
687 1858 862 1946 volentem
877 1871 991 1946 Deum
1009 1871 1220 1946 recteinvo-
1268 1871 1317 1938 ris
1332 1869 1491 1962 undique
1507 1869 1614 1940 cincti
1630 1871 1740 1942 simus
1760 1867 1949 1942 hostilibus
1963 1869 2193 1950 exercitibus,
2220 1882 2254 1938 et
2336 1861 2337 1888 ¹

240 1997 338 2058 care,
369 1973 548 2056 dolentem
571 1973 674 2044 ctiam
695 1987 842 2066 propter
862 1969 1221 2058 Ecclesiaevulnera,
1269 1970 1405 2060 maguis
1423 1983 1457 2039 et
1472 1971 1638 2060 diversis,
1664 1985 1782 2043 tamen
1806 1973 1951 2066 privatis
1973 1971 2170 2043 adfectibus
2188 1973 2256 2040 do-

241 2097 331 2170 quae
345 2073 456 2164 magis
470 2071 650 2192 magisque
666 2075 864 2148 lacerantur
880 2090 916 2148 et
930 2077 1014 2150 odio
1040 2093 1074 2148 et
1087 2069 1220 2172 sophi·
1269 2071 1727 2166 mesticubellaquaernut,
1751 2075 1905 2147 aliialia.
1957 2068 2053 2146 ilinc
2076 2071 2256 2144 uosPon-
2336 2069 2337 2096 ³

240 2169 344 2262 stica„
369 2198 470 2266 saepe
492 2188 597 2274 ettam
615 2177 760 2250 lectioni
774 2179 976 2253 miscentem
993 2179 1162 2270 gemitus,
1187 2189 1220 2248 et
1270 2173 1370 2246 tilicii
1385 2173 1574 2266 scriptores
1590 2175 1752 2248 instructi
1776 2177 1948 2270 ingeniis,
1972 2175 2196 2269 eloquentia,
2222 2189 2255 2246 et

239 2270 434 2370 petentem,
457 2289 498 2347 ut
513 2299 533 2348 a
547 2273 623 2350 Deo
639 2280 826 2365 doccatur,
840 2293 880 2350 ut
893 2275 1070 2372 Propheta
1083 2279 1219 2373 iuquit:
1270 2274 1478 2346 auctoritato
1491 2289 1721 2368 oppugnant,
1742 2277 1851 2350 Polus
1867 2281 1905 2350 in
1922 2275 2072 2368 Anglia,
2087 2271 2205 2346 Osins
2217 2278 2254 2346 in

240 2382 294 2449 fac
312 2371 391 2448 cum
407 2401 508 2450 servo
527 2392 587 2450 tuo
606 2383 798 2452 secundum
818 2382 1219 2454 misericordiamtuam
1271 2375 1442 2462 Polonia,
1465 2373 1630 2448 Carisius
1644 2379 1682 2447 in
1701 2377 1865 2464 Austris,
1890 2379 2057 2452 Roardos
2080 2378 2121 2448 in
2135 2376 2255 2471 Belgi-

241 2493 277 2550 et
301 2475 564 2552 iustificationes
585 2495 661 2552 tuas
683 2483 769 2552 doce
791 2507 859 2556 me.
909 2481 1011 2556 Talis
1033 2483 1149 2556 aierit
1168 2483 1220 2552 le·
1271 2501 1331 2559 co,
1359 2476 1568 2569 Gropperus
1587 2477 1788 2550 Cardinalis
1810 2483 1850 2551 in
1866 2481 1983 2554 Ubiis.
2031 2476 2081 2551 Et
2094 2483 2257 2574 quotidie

242 2594 338 2667 ctor,
361 2595 402 2652 ut
417 2581 489 2652 dixi
500 2636 510 2668 ,
523 2595 618 2672 reget
632 2579 708 2654 eius
722 2598 876 2656 mentem
891 2573 989 2656 Deus
1005 2599 1039 2658 et
1053 2579 1120 2656 bac
1135 2607 1221 2654 vore
1272 2579 1469 2662 invitantur
1480 2581 1608 2670 opibus
1623 2579 1820 2655 Pontificiis
1845 2585 1929 2670 alii,
1953 2598 1994 2654 ut
2007 2583 2050 2652 ad
2068 2582 2257 2656 florentem

242 2681 665 2772 doctrinacetlucesua,
690 2685 1220 2760 nedecrcotavcraseutentia.
1272 2683 1451 2752 fortunam
1483 2703 1519 2750 se
1551 2683 1757 2774 adiungant.
1823 2683 1926 2756 lllinc
1961 2685 2120 2755 inferunt
2154 2687 2257 2756 nobis

241 2777 296 2856 Ac
317 2785 362 2854 de
384 2807 441 2854 me
465 2808 540 2854 non
562 2786 674 2858 multa
699 2783 832 2870 dicam,
858 2783 926 2886 hqc
944 2811 1031 2879 ago,
1056 2801 1097 2860 ut
1109 2809 1221 2859 mem·
1272 2783 1364 2854 bella
1378 2783 1521 2852 fanatici
1549 2778 1731 2868 homines,
1755 2785 1891 2858 inimici
1905 2786 2095 2856 ministerii
2108 2788 2258 2878 publici,

241 2887 389 2960 brorum
410 2885 573 2956 ordinem
593 2888 796 2974 ostendam,
821 2901 861 2988 ,qt
878 2913 1066 2986 ¹rqttneam,
1091 2913 1139 2962 ne
1157 2889 1222 2960 ab·
1273 2882 1542 2976 Anabaptistae‚
1567 2897 1601 2955 et
1617 2887 1720 2956 multi
1736 2909 1879 2960 errones
1897 2903 1930 2960 et
1944 2888 2139 2978 lucifugae,
2159 2913 2259 2981 spar-
2337 2965 2338 2986 ,

242 2986 384 3066 iicIotur
401 2985 520 3060 nativo
535 2987 742 3078 significatio
758 2991 967 3087 verbpgtrut,
989 3005 1024 3062 et
1044 2992 1150 3062 iubeo
1176 2991 1222 3071 ab
1274 2999 1393 3076 gentes
1414 2985 1572 3076 contagia
1591 2985 1779 3062 Servetica.
1829 2977 1877 3060 Et
1899 2989 2143 3062 Stcnkfeldius
2165 2989 2259 3062 Cen·
2337 2993 2338 2996 ’

236 3083 320 3180 Δἱριο
337 3085 451 3160 Paulo
474 3090 683 3162 sententiam
706 3091 794 3182 peti,
820 3117 894 3162 non
918 3094 1023 3184 gigno
1045 3095 1144 3166 aliud
1162 3114 1223 3184 ge·
1274 3089 1429 3159 timanus
1446 3085 1647 3173 est,habet
1661 3091 1792 3160 milites
1805 3092 1954 3182 passim,
1977 3091 2168 3186 quiipsius
2192 3119 2256 3164 no-

243 3212 312 3258 nus
328 3191 526 3274 doctrinae,
552 3204 587 3261 et
604 3191 722 3262 iudico
740 3215 931 3282 congruere
954 3207 1063 3264 totam
1077 3217 1223 3266 enarra·
1276 3189 1371 3258 mino
1386 3211 1460 3258 ¹10⁰
1477 3191 1592 3258 ⁸01¹¹m
1612 3191 1740 3282 ὅῦῐῖρῐὸ
1755 3205 1943 3285 ‘Portum’
1965 3195 2025 3264 ⁸²⁸1
2042 3195 2150 3268 eliam
2166 3198 2259 3266 Sedi-

243 3291 377 3362 tionem
397 3304 554 3362 nostram
570 3316 651 3363 cum
672 3289 1142 3368 confessioneEcclesiarum
1156 3319 1224 3365 no-
1274 3290 1389 3361 tiones
1417 3304 1578 3372 movent,
1611 3291 1774 3364 iactitant
1804 3297 1975 3378 adflatus,
2007 3309 2043 3366 et
2077 3299 2260 3368 abducunt

244 3403 417 3477 strarum,
442 3415 461 3462 a
476 3417 544 3486 qua
559 3415 633 3464 non
651 3393 803 3468 discedo.
854 3393 950 3466 Fons
965 3412 1016 3470 est
1029 3399 1124 3467 enim
1138 3421 1225 3467 con·
1277 3387 1439 3462 homines
1453 3415 1472 3462 a
1490 3391 1633 3484 publico
1647 3395 1865 3482 ministerio,
1888 3410 1923 3468 et
1946 3421 1965 3467 a
1980 3397 2133 3469 lectione
2147 3415 2183 3472 et
2199 3425 2257 3472 co·

242 3491 404 3566 fessionis
424 3489 663 3564 Ecclesiarum
691 3511 891 3569 nostrarum
919 3495 1024 3568 Pauli
1053 3499 1225 3572 doctrina,
1277 3494 1446 3584 gitatione
1467 3493 1661 3564 doctrinae.
1726 3495 1779 3566 Ac
1803 3521 1899 3568 nunc
1925 3523 2067 3592 quoqne
2091 3503 2259 3573 adversus

244 3591 372 3666 Fateor
387 3609 524 3680 autem,
552 3607 663 3668 totam
683 3592 775 3668 hanc
797 3599 1056 3672 enarrationem
1084 3600 1226 3674 tenuio-
1277 3619 1333 3664 me
1349 3596 1453 3665 editis
1467 3593 1603 3688 aliquot
1621 3596 1766 3687 pagellis
1781 3601 1926 3669 nomine
1940 3600 2177 3690 Stenkfeldii,
2204 3631 2259 3676 re-

245 3719 319 3764 rem
336 3720 409 3767 esse
426 3697 659 3788 amplitudine
672 3700 863 3792 sapientiae
872 3698 957 3788 Dei,
982 3689 1226 3774 concionantis
1276 3697 1408 3788 petitur
1424 3696 1484 3764 ille
1500 3692 1729 3788 asseverate,
1757 3701 1950 3789 gratissima
1968 3705 2144 3775 cantilena
2159 3709 2260 3778 fana-

245 3820 330 3866 voee
352 3791 566 3890 Apostolica.
617 3799 687 3872 Sed
709 3813 826 3872 tamen
849 3803 964 3874 aliena
987 3801 1139 3876 aPaulo
1165 3817 1227 3876 aut
1277 3797 1355 3869 ticis
1373 3791 1592 3868 hominibus:
1620 3797 1701 3868 Non
1723 3801 1933 3891 cogitatione
1955 3807 2104 3896 scriptae
2127 3809 2262 3878 doctri-

245 3897 441 3992 pugnantia
454 3899 570 3970 dicere
583 3923 806 3996 nequaquam
820 3903 931 3980 volui.
1039 3897 1043 3904 ’
1277 3923 1343 3968 nae
1363 3897 1477 3968 Deum
1501 3901 1763 3972 communicare
1785 3927 1822 3972 se
1849 3899 2035 3976 hominum
2068 3911 2260 3992 mentibus,

349 3997 449 4086 Scio,
475 4001 606 4072 multos
630 4005 827 4096 disputare,
852 4005 891 4074 in
915 4005 1138 4078 enarratione
1156 4001 1226 4076 hu.
1277 4003 1336 4070 sed
1354 4001 1433 4069 sine
1448 3999 1576 4070 medio.
1629 3997 1678 4072 At
1696 4004 1796 4075 toties
1812 4005 1937 4077 iubent
1952 4031 2017 4076 nos
2030 4006 2261 4102 Propheticae

249 4099 304 4172 ius
319 4097 502 4194 Epistulae
518 4125 591 4173 esse
605 4104 846 4197 quaestionem
862 4111 931 4179 roci
943 4109 1056 4201 ῥητοῦ
1067 4103 1131 4182 καὶ
1144 4103 1226 4181 cica-
1278 4116 1313 4172 et
1336 4101 1558 4194 Apostolicae
1578 4105 1773 4175 sententiae
1802 4106 1839 4173 in
1861 4109 2029 4178 omnibus
2060 4111 2260 4200 doloribus,

248 4195 362 4282 volae.
413 4201 463 4276 Et
477 4200 854 4292 disceduntThomas,
879 4203 1008 4280 Asotus
1027 4221 1061 4280 et
1081 4209 1225 4296 similes,
1279 4206 1316 4272 iu
1339 4201 1548 4274 testimoniis
1573 4206 1722 4294 scriptae
1747 4209 1929 4278 doctrinae
1950 4210 2167 4282 voluntatem
2193 4214 2261 4285 Dei

250 4327 271 4373 a
293 4303 466 4377 sermonis
487 4307 720 4400 proprietate,
749 4319 783 4378 et
807 4311 982 4404 quaerunt
1004 4311 1225 4402 peregrinam
1278 4305 1518 4390 considerare,
1543 4305 1630 4375 sicut
1646 4307 1684 4374 in
1698 4305 1838 4377 Psalmo
1853 4310 2000 4381 dieitur:
2028 4314 2171 4386 lucerna
2198 4343 2260 4408 pe-

252 4407 479 4492 sentcntiam,
510 4421 545 4480 et
566 4411 732 4482 mutilant
752 4423 785 4481 et
808 4426 1041 4506 corrumpunt
1065 4409 1227 4498 Paulum,
1279 4407 1383 4476 dibus
1397 4407 1482 4476 meis
1498 4407 1645 4476 verbum
1661 4421 1772 4484 tuum.
1824 4410 1899 4482 Nee
1917 4435 1980 4503 ego
1997 4413 2142 4506 ignoro,
2167 4444 2261 4508 qno-

252 4507 393 4578 dicnnt:
420 4507 488 4578 lide
508 4513 751 4598 sumusinsti,
776 4511 909 4584 seilicet
931 4515 1090 4584 formata.
1141 4513 1228 4585 Sine
1278 4502 1596 4578 modohaecdicta
1617 4509 1771 4583 eludant.
1825 4512 1894 4584 Sed
1917 4539 2013 4586 nuuc
2034 4519 2161 4589 omitto
2186 4521 2262 4590 dis-

253 4607 438 4698 operibus,
465 4608 598 4681 scilicet
616 4613 919 4684 ceremonialibus.
968 4611 1016 4685 Et
1040 4627 1124 4685 sum
1147 4617 1228 4708 plu·
1279 4610 1508 4702 putationem.

254 4729 310 4777 res
326 4713 561 4803 corruptelae,
585 4715 629 4783 de
645 4713 775 4808 quihus
793 4715 831 4783 in
847 4715 921 4808 ipsa
937 4717 1160 4786 enarratione
1173 4717 1229 4786 di·
1383 4710 1475 4780 lllud
1492 4725 1595 4802 opto,
1616 4725 1656 4783 ut
1672 4713 1804 4802 singuli
1820 4716 2028 4805 cogitemus,
2043 4743 2135 4813 quae
2147 4735 2183 4794 et
2197 4726 2262 4796 ubi

254 4822 364 4887 cetur.
414 4808 545 4906 Aperte
568 4815 689 4886 reiicio
716 4815 1230 4908 illasperegrinasinterpreta-
1278 4808 1589 4900 sitEeclesiaDei,
1608 4827 1738 4886 etcum
1755 4829 1893 4886 nostros
1910 4833 2029 4890 coetus
2046 4845 2166 4892 veram
2185 4849 2261 4899 essa

255 4914 386 4998 tiones,
422 4915 495 4985 sive
529 4917 600 4989 sint
627 4913 814 5008 Origenis,
848 4919 920 4986 sive
947 4915 1126 5000 Thomas,
1158 4918 1231 4987 sive
1277 4909 1470 4984 Ecclesiam
1491 4911 1557 4982 Dei
1583 4914 1752 4996 sciamus,
1792 4919 2078 4991 coniunctionem
2101 4937 2261 4998 nostram

253 5010 426 5086 Osiandri
441 5015 691 5112 synecdochae.
740 5018 889 5105 Fateor,
915 5013 1233 5088 meabitishosti-
1277 5015 1444 5084 omnibus
1470 5016 1537 5107 piis
1565 5017 1690 5087 officiis
1713 5031 1885 5092 tueamur.
1948 5019 2025 5092 Etsi
2058 5037 2177 5096 autem
2206 5029 2263 5098 in-

256 5117 323 5186 bus
339 5119 478 5188 nativae
495 5123 689 5192 sententiae
703 5119 807 5190 Pauli
822 5121 1026 5202 dissentire,
1051 5131 1085 5189 et
1100 5120 1233 5206 iudico,
1277 5117 1373 5207 genti
1388 5117 1510 5186 dolore
1530 5117 1692 5202 adficior,
1718 5119 1858 5190 intuens
1872 5133 1987 5195 tantas
2001 5123 2263 5216 dissipationes,

144 5239 147 5247 ¹
257 5233 396 5290 nostras
418 5217 593 5292 Ecclesiae
618 5219 662 5294 τὸ
688 5219 799 5316 ῥητὸν
825 5247 900 5292 non
929 5217 1137 5314 sophistice,
1172 5223 1232 5292 sed
1277 5232 1412 5302 tamen,
1437 5243 1516 5287 cum
1534 5219 1628 5288 inter
1643 5221 1729 5288 tales
1744 5221 1872 5293 fluetus
1893 5223 1931 5292 in
1946 5248 2073 5314 genere
2098 5223 2259 5302 humano

258 5331 351 5388 recte
370 5321 537 5406 rotinere,
570 5338 606 5394 et
629 5346 703 5393 esse
716 5321 820 5394 Pauli
841 5323 1049 5413 discipulas,
1071 5347 1112 5394 ac
1135 5324 1235 5416 sequi
1275 5341 1378 5390 verae
1410 5315 1588 5388 Ecclesiae
1621 5323 1782 5415 cymbam
1811 5347 1951 5416 semper
1982 5323 2064 5396 vehi
2098 5331 2262 5418 sciamus,

257 5419 413 5490 nativam
435 5425 663 5506 sententiam,
695 5447 802 5520 quam
823 5425 1013 5495 verborum
1037 5425 1236 5516 proprietas
1275 5421 1375 5494 euius
1390 5421 1605 5509 gubernator
1625 5433 1677 5494 est
1698 5423 1792 5493 filius
1806 5425 1891 5512 Dei,
1915 5428 2050 5498 etiamsi
2072 5433 2261 5524 remigium
