4726 5818
76 244 157 320 Μ

75 417 157 494 suit.
208 414 353 512 insigne
371 415 566 495 ‚diseriuen
586 415 680 492 inter
695 417 832 512 Togam
852 433 888 492 et
901 417 1068 510 Pallium3
1118 415 1186 494 No.
1204 417 1330 500 6097.-

77 523 166 592 adeo
190 534 231 592 ut
245 521 459 592 discerneret
477 520 590 610 ligura
612 534 711 613 togae
726 520 910 596 Romanos
924 523 971 594 ab
988 521 1068 594 eliis
1119 515 1295 598 ,Μ

1223 603 1226 638 ¹
1283 617 1286 624 ’
1427 587 1770 682 ‘Godesclsulsm

1116 809 1121 822 ι
1186 745 1703 820 †nesertpssstt·as.rateas.zuer
1734 747 2109 874 ssspognptoinssibliotlt·
2237 807 2243 818 ,

76 621 253 714 gentihus.
320 615 492 692 Pallium
525 621 593 693 luit
626 624 779 694 exterior
811 623 918 696 vestis
948 625 1066 714 longa,

77 719 298 796 Graecorum
314 737 349 796 et
360 721 604 806 Ebraeom,
629 724 756 795 similis
772 723 922 797 Senensi
944 725 1066 819 pallio,

76 849 138 896 seu
152 825 412 918 propemodum
428 823 558 902 talibus
574 826 704 918 palliis,
730 828 897 923 qualibus
909 827 951 896 in
967 827 1065 916 luctu

74 951 173 1000 nune
205 921 424 998 honestiores
456 921 619 998 homines
651 942 815 1004 utuntur.
874 929 964 1002 Tale
996 928 1065 1000 init
1137 959 1142 966 ·

73 1029 224 1122 pallium
245 1027 370 1116 Elias,
394 1021 543 1102 Christi.
592 1027 702 1102 Color
721 1031 791 1104 luit
810 1030 987 1102 violaceus
1007 1029 1064 1101 vel

74 1133 238 1202 ceruleus
257 1132 448 1216 obscurus,
471 1153 570 1224 grau
584 1135 752 1204 accedens
774 1133 820 1206 ad
843 1129 954 1218 blau,
974 1133 1065 1204 sient

73 1226 182 1304 hodie
195 1232 432 1304 orientaleset
446 1229 528 1302 Afri
545 1231 740 1324 plurimum
752 1249 905 1307 utuntur
919 1234 984 1306 tali
1004 1257 1065 1304 co·
1115 1297 1128 1308 .

74 1335 169 1420 lore,
209 1347 251 1405 ut
276 1334 436 1405 existimo
461 1333 592 1404 vidisse
620 1333 902 1408 illustrissimum
924 1333 1065 1406 Princi-

74 1459 155 1528 pem
184 1449 265 1507 ante
286 1435 537 1526 Witebergam
568 1437 660 1525 regis
692 1433 890 1532 Aphrieani
922 1449 1063 1508 vestem.

72 1533 127 1606 De
141 1537 227 1630 pilis
240 1538 454 1610 camelorum
470 1538 734 1628 peregrinantes
749 1542 873 1612 dicunt
887 1539 963 1609 fieri
982 1543 1063 1632 plu-

72 1639 185 1710 rimos
210 1639 298 1710 tales
317 1663 456 1732 pannos
468 1630 690 1708 Sebomlotls
711 1643 749 1711 in
770 1639 914 1726 Cilicia,
947 1655 983 1713 et
1001 1664 1063 1710 ve-

73 1733 409 1826 hunturVenetias‚
442 1755 475 1812 et
497 1751 581 1811 sunt
603 1739 685 1812 vilis
699 1744 816 1834 pretii.
869 1741 985 1816 Credo
1001 1767 1064 1812 ve-

72 1865 154 1912 rum
178 1865 251 1912 asse
271 1865 331 1912 eos
354 1863 512 1934 pannos,
545 1863 636 1934 quos
662 1847 889 1916 nominamus
905 1839 1062 1916 Scham-

72 1936 175 2024 loth,
201 1941 278 2014 fieri
292 1967 334 2013 er
349 1944 432 2038 pilis
447 1942 688 2016 Cemelornm.

83 2314 151 2390 No.
167 2312 280 2386 6026.

75 2411 289 2446 Μ

940 2328 973 2392 6.
989 2319 1050 2387 lul.

923 2413 1060 2441 Μ

362 2495 476 2614 Upis.
506 2497 766 2588 Pannonio.

140 2658 238 2716 mnes
251 2659 352 2734 am..
367 2679 395 2732 ρ.
406 2661 460 2716 sse
471 2681 513 2736 sq.

69 2809 296 2892 Clarissimo
311 2817 409 2904 viro,
436 2813 658 2906 eruditione,
683 2827 745 2894 ete.
763 2813 817 2896 D.
836 2811 1062 2892 Christu-

66 2915 218 3020 plturn
243 2907 508 3039 Pudnons'p,
552 2919 738 3093 ΞῙιεεονί
760 2916 1061 3022 Francosordiue

444 3045 496 3094 m
598 3047 692 3100 mma

67 3179 292 3265 Doctissime
312 3188 387 3275 vir,
425 3203 460 3261 et
488 3183 694 3260 charissime
715 3189 836 3266 irater.
885 3185 995 3280 Quod
1017 3191 1060 3262 de

67 3317 149 3366 mea
172 3291 245 3363 vita
268 3289 399 3363 soliciti
420 3290 521 3373 estis,
552 3313 703 3381 agnosco
722 3303 821 3362 tuam
844 3304 880 3363 et
905 3292 1060 3364 aliorum

66 3393 374 3469 benevolentiamz
400 3392 589 3463 redebere
605 3415 662 3464 me
683 3391 785 3464 vobis
807 3391 1059 3484 gratitudinem

65 3501 194 3571 fateor.
251 3492 397 3568 Utinam
424 3516 511 3564 vero
538 3517 676 3585 possem
707 3493 907 3572 illustribus
934 3493 1060 3565 officiis

66 3598 228 3671 vicissim
264 3619 377 3667 meam
411 3593 695 3666 benevolentiam
728 3593 830 3665 vobis
862 3598 1060 3666 ostendere.

67 3702 143 3774 Sed
158 3721 241 3769 vere
256 3721 335 3769 sum
351 3699 456 3778 σκιᾶς
467 3693 574 3794 ὄναρ,
599 3709 638 3768 ut
647 3695 835 3768 Pindarico
850 3697 1062 3790 descriptio*

65 3829 116 3874 ne
136 3814 229 3874 utar.
283 3797 414 3870 Verum
438 3801 551 3869 donec
571 3795 669 3870 Dens
690 3797 729 3868 in
751 3792 818 3869 hac
838 3798 989 3870 statione
1002 3821 1061 3868 me

65 3905 148 3977 vult
162 3898 306 3986 servire,
323 3895 455 3971 iustum
472 3912 525 3971 est
539 3924 595 3970 me
612 3901 870 3994 obtemperare:
888 3923 930 3971 ee
943 3897 1059 3993 ipsum

67 4031 149 4092 oro,
170 4017 211 4076 ut
226 4025 282 4071 me
295 4001 478 4092 gubernet.
510 3995 699 4074 Amicitiae
712 4025 796 4072 vero
809 4015 952 4074 nostrae
965 4025 1059 4072 sem·

65 4131 136 4204 per
156 4127 392 4188 memorem,
431 4115 467 4174 et
489 4093 529 4172 in
549 4094 616 4174 hae
642 4101 736 4174 vitae
760 4101 905 4188 militia,
938 4115 975 4175 et
997 4101 1057 4172 illa

66 4225 212 4282 smeena
234 4199 443 4286 Academia,
482 4201 521 4274 in
542 4227 612 4298 qna
636 4203 798 4276 fruemur
823 4215 945 4274 nostra
974 4227 1058 4274 con-

65 4309 254 4384 iunctione
277 4305 436 4392 dulcius,
469 4319 503 4378 et
523 4299 735 4376 habebimus
755 4305 917 4377 doctores
934 4317 968 4378 et
985 4306 1059 4378 col·

66 4415 166 4506 legas
193 4433 274 4482 oum
295 4403 437 4506 quibus
450 4407 599 4506 suavius¹
624 4401 870 4499 philosophari
901 4422 1060 4499 potueri-

64 4535 172 4598 mus,
204 4534 311 4606 qnam
339 4503 446 4580 habet
474 4501 561 4580 haee
586 4510 669 4582 vita.
735 4506 862 4580 Scribo
890 4509 1061 4580 breviter:

68 4617 158 4712 qula
189 4611 309 4684 subito
342 4611 440 4680 luctu
472 4609 615 4679 animus
646 4631 745 4680 meus
777 4623 967 4702 occupatus
998 4621 1060 4684 est.

65 4713 162 4791 Heri
178 4713 273 4785 enim
291 4711 419 4782 ancilla
437 4709 560 4801 generi
575 4711 664 4798 mei,
686 4711 844 4782 modesta
859 4711 995 4802 puella,
1020 4711 1059 4780 in

65 4815 201 4900 horto,
226 4839 306 4886 cum
326 4837 392 4884 nos
414 4813 453 4882 in
475 4811 607 4903 templo
624 4835 793 4898 essemus,
819 4813 968 4884 fulmine
990 4813 1058 4882 icta

66 4920 190 5015 periit.
240 4913 393 4987 Moveor
421 4939 496 4984 non
524 4913 637 4982 solum
660 4907 729 4982 hoc
750 4913 841 4986 tristi
866 4939 966 4996 casn,
998 4917 1056 4984 sed

66 5023 177 5094 etiam
193 5018 322 5116 omine.
374 5015 443 5087 Sed
463 5041 528 5086 oro
545 5015 656 5084 lulium
673 5011 760 5098 Dei,
785 5029 823 5084 ut
851 5015 1009 5106 publicas
1025 5033 1059 5085 ot

66 5126 227 5218 privatas
257 5141 389 5212 poenas
412 5118 519 5188 nobis
546 5118 665 5189 leniat.
722 5114 826 5186 Bene
845 5117 933 5188 vale.
991 5115 1059 5187 Die

67 5229 106 5302 8·
123 5223 220 5295 lulii.

657 239 1244 380 persensero-,usam
1269 204 1354 342 ru
1405 247 1538 338 esse.

2046 251 2122 326 794

1219 816 1381 871 Academias
1394 815 1549 872 liriniensis
1562 827 1589 874 et
1601 836 1626 873 a.
1641 817 1692 872 tw
1711 856 1719 874 .
1733 820 1814 874 missa
1826 821 1860 878 ad
1916 817 2048 874 Naesselt

1115 907 1122 922 ¹
1218 881 1390 958 'l'lseologum
1408 883 1570 954 liniensem,
1589 883 1637 958 qni
1651 883 1702 941 illo
1715 897 1841 962 tempore
1853 887 1982 960 epistolas
1993 887 2109 942 Melan·

1216 951 1306 1008 thonis
1319 953 1472 1026 colligebat.
1497 953 1536 1008 Ex
1548 954 1603 1010 boe
1614 956 1772 1030 apographo
1783 955 1850 1012 milti
1863 956 1945 1014 misse
1958 965 2027 1014 eale
2042 955 2107 1012 Do·

1220 1023 1292 1078 elias.
1305 1023 1339 1080 F.
1355 1021 1455 1096 Galle,
1470 1019 1589 1079 batensi.

1113 1116 1314 1278 Philippos
1339 1173 1568 1251 lllslunthon
1594 1173 1944 1272 Godeselsnlso,
1981 1175 2107 1256 Ludi-

1339 1281 1522 1377 mngs‘stro
1543 1277 1882 1380 Magdehurgsnss'.

1114 1395 1163 1488 S.
1188 1409 1233 1488 D.
1283 1409 1485 1489 Clarissima
1509 1413 1567 1488 vir
1587 1428 1622 1488 et
1638 1412 1843 1489 charissime
1861 1417 1989 1502 irater,
2014 1441 2107 1512 quo-

1114 1515 1202 1587 lidie
1226 1537 1290 1584 oro
1317 1515 1429 1585 lilium
1456 1505 1543 1603 Dei,
1584 1517 1770 1590 dominum
1796 1532 1958 1592 nostrum
1987 1517 2105 1589 lesum

1113 1611 1317 1702 Christum,
1350 1615 1413 1710 qui
1444 1639 1482 1687 se
1513 1618 1628 1712 pingit
1654 1619 1693 1688 in
1716 1617 1869 1710 imagine
1888 1619 2106 1692 Samaritani

1114 1719 1262 1788 vulnera
1277 1717 1388 1792 saucii
1402 1717 1606 1810 obligantis,
1630 1734 1671 1792 ut
1685 1721 1760 1814 ipse
1772 1721 1955 1792 medeatur
1972 1719 2102 1793 vulne·

1114 1820 1215 1890 ribus
1239 1814 1477 1891 Ecclesiamm
1505 1833 1725 1904 nostrarum,
1764 1836 1800 1894 et
1819 1823 1966 1896 dissidia
1989 1823 2104 1898 tollat.

1113 1919 1186 1992 Nec
1201 1921 1359 1990 lacessivi
1375 1921 1476 2008 alios,
1491 1936 1524 1992 et
1538 1924 1693 1996 libenter
1706 1923 1814 1994 velim
1830 1925 1876 1996 de
1888 1923 2104 2018 quibusdam

1114 2047 1188 2094 non
1201 2022 1339 2092 levibus
1351 2023 1457 2094 rebus
1472 2024 1629 2120 colloqui
1644 2049 1724 2098 eum
1738 2024 1852 2096 doctis
1865 2037 1899 2097 et
1914 2025 2038 2112 honis,
2061 2039 2104 2098 ut

1114 2125 1153 2193 in
1180 2121 1339 2194 Ecclesia
1368 2125 1468 2196 decet
1504 2125 1592 2203 lieri.
1643 2125 1715 2198 Sed
1746 2127 1853 2200 multi
1886 2123 2060 2226 ἐριστικοί
2074 2121 2103 2224 ¹)

1114 2225 1255 2296 nullum
1284 2225 1390 2294 linem
1417 2227 1654 2316 maledicendi
1682 2227 1818 2298 iaciunt
1841 2251 1906 2300 nee
1930 2241 2047 2302 tacent
2059 2223 2105 2324 ¹).

1114 2329 1173 2397 sed
1202 2339 1341 2398 tantum
1370 2331 1562 2399 accendere
1587 2327 1669 2400 odia
1698 2329 1854 2400 student.
1920 2327 2103 2402 Hactenus
2131 2363 2139 2374 =

1114 2423 1206 2498 nihil
1228 2430 1414 2520 respondi,
1439 2442 1474 2499 et
1494 2432 1623 2502 multas
1647 2425 1762 2502 haheo
1783 2429 1917 2500 silentii
1931 2431 2001 2502 mei
2016 2455 2103 2501 ean·

1113 2551 1186 2615 sas,
1210 2553 1298 2623 quas
1319 2530 1391 2601 scio
1415 2530 1521 2601 etiam
1545 2531 1667 2603 multis
1687 2525 1846 2603 honestis
1863 2545 1899 2602 et
1914 2523 2102 2623 prudenti-

1113 2631 1180 2704 bus
1193 2629 1350 2724 probari.
1390 2630 1445 2702 Te
1459 2656 1602 2727 quoque
1616 2626 1807 2716 adhortor,
1832 2657 1878 2704 ne
1895 2633 2022 2726 litiges.
2060 2631 2103 2706 Si

1113 2745 1230 2807 antem
1242 2731 1362 2819 audio,
1385 2727 1476 2802 mihi
1490 2735 1625 2807 bellum
1641 2733 1779 2821 inlerri,
1803 2747 1989 2829 propterea
2003 2737 2103 2830 qued

1113 2835 1258 2906 stoicam
1281 2833 1523 2906 necessitatem
1544 2859 1620 2908 non
1643 2837 1775 2928 probo,
1798 2835 1956 2908 veritatis
1980 2849 2103 2930 patro-

1113 2935 1246 3006 cinium
1267 2959 1342 3004 non
1357 2935 1528 3008 deseram.
1581 2935 1717 3008 Vellem
1739 2959 1825 3024 nos,
1847 2937 1908 3032 qui
1924 2938 2103 3024 docemus,

1113 3036 1400 3107 coniunctionem
1418 3049 1574 3108 nostram
1589 3037 1693 3110 tueri.
1734 3035 1834 3108 Bene
1851 3037 1941 3111 vale.
1990 3037 2102 3112 Mitto

1113 3137 1303 3232 pagellam,
1328 3134 1421 3210 nihil
1434 3138 1529 3210 enim
1542 3139 1641 3212 aliud
1657 3162 1754 3212 nunc
1769 3133 1954 3215 habebam.
1994 3137 2102 3212 Wit-

1111 3241 1180 3322 teh.
1196 3241 1232 3314 7.
1249 3235 1333 3311 lolii
1347 3263 1380 3318 a.
1398 3239 1511 3318 1556.
1913 3253 1920 3262 ’

1300 3757 1489 3867 Rosius
1515 3763 1582 3850 od
1609 3761 1915 3900 bouquetum.

1147 3921 1161 3939 ⁸
1179 3936 1204 4008 g
1220 3935 1257 3990 Ex
1268 3937 1425 4012 apographo
1439 3949 1549 3998 vuusto
1566 3941 1596 3996 in
1612 3943 1678 4000 sod.
1691 3942 1804 4001 idonee.
1819 3943 1857 4002 ll·
1874 3963 1901 4017 p.
1915 3945 1976 4002 ets.

1949 3677 2099 3710 m

1270 4090 1336 4168 Ad
1355 4094 1614 4172 Hubertum
1638 4090 1951 4198 languetone.-

1112 4223 1162 4314 S.
1212 4239 1427 4318 Charissime
1450 4245 1630 4341 Huperte,
1659 4246 1756 4318 misit
1779 4239 1882 4318 hasce
1898 4245 2017 4332 literas
2033 4273 2101 4322 no-

1031 4405 1040 4425 ,
1110 4357 1183 4416 ster
1201 4339 1444 4434 Nicodamus,
1469 4363 1505 4420 et
1527 4345 1717 4434 indicavit,
1751 4371 1789 4419 se
1805 4349 1844 4418 in
1861 4347 1912 4419 eis
1928 4349 1972 4421 ds
1988 4349 2101 4422 eollo-

1111 4447 1196 4540 quio
1213 4436 1426 4520 Cosvieenst
1439 4443 1477 4548 *)
1497 4449 1695 4543 scripsisse.
1722 4449 1813 4520 sicut
1829 4474 1946 4521 coram
1961 4473 2101 4524 eramus

1112 4547 1232 4623 locuti.
1290 4549 1375 4622 Misi
1400 4575 1482 4644 ergo
1508 4547 1605 4624 hune
1629 4545 1877 4622 scholasticum
1901 4575 1982 4624 cum
2006 4543 2102 4626 Got-

1110 4641 1278 4738 sclsulco,
1304 4675 1375 4746 quo
1399 4665 1434 4726 et
1451 4652 1555 4728 citius
1571 4665 1605 4726 et
1628 4651 1758 4725 certius
1778 4671 1987 4746 responsum
2008 4655 2102 4726 scci-

1109 4750 1261 4844 pismns.
1311 4750 1498 4828 Adducam
1521 4771 1641 4830 autem
1662 4777 1800 4825 mecum
1816 4777 1949 4838 unum,
1975 4757 2101 4828 autad

1111 4875 1288 4924 summum
1316 4857 1406 4927 dnos
1437 4871 1606 4954 tanquam
1638 4867 1741 4930 testes
1774 4853 1947 4954 colloquii
1972 4859 2100 4933 solum.

1112 5001 1337 5026 ..Ἀ-’.ιιι-

1145 5100 1173 5166 l)
1192 5099 1334 5171 iussisset]
1350 5097 1447 5172 seripsi
1466 5097 1680 5170 ptolomaeu-
1734 5091 1738 5102 ’

1012 5227 1015 5235 ·
1144 5189 1177 5258 2)
1199 5188 1397 5260 Apographons
1414 5191 1537 5255 donnlg
1556 5187 1696 5245 mendose.

1013 5292 1018 5304 '
1144 5276 1178 5342 ⁸¹)
1197 5295 1259 5330 eum
1279 5273 1457 5330 Melantbone
1479 5275 1614 5336 babendo.
1655 5273 1797 5330 Bubassus
1812 5271 1848 5330 l,

1179 5283 2103 5485 ppspspffflpffiem...roll-“idid

1954 3579 2088 3660 l2lul.
2147 3615 2162 3645 f
2233 3590 2235 3596 '
