4714 5832
65 203 111 278 at
646 187 1083 294 eersromnuu
1138 183 1242 258 rra.
1275 179 1358 260 xu.
1411 177 1545 258 reae.
2060 181 2110 252 aa

66 388 175 466 teque
196 395 279 458 oro,
304 381 343 440 ut
363 368 452 440 meis
469 367 585 440 verbis
603 379 805 438 reverenter
819 361 965 436 Senatui
981 383 1061 450 gra-
1114 371 1182 436 tas,
1207 351 1417 446 Apostolos,
1443 349 1605 422 Pastores
1624 363 1657 422 et
1672 347 1853 427 Doctores.
1905 352 2108 440 Precamur,

67 477 135 543 tias
154 497 247 564 agas.
299 470 409 544 Mitto
435 472 503 542 tibi
526 473 597 540 duo
618 466 827 558 exemplaria
850 463 1061 556 disputatio·
1112 475 1153 530 nt
1176 482 1258 526 suae
1275 455 1452 528 Ecclesiae
1477 456 1727 542 gubernatores
1744 461 1802 526 det
1825 456 1973 526 idoneos
1997 470 2032 528 et
2048 480 2105 525 sa-

65 577 141 660 nis,
166 575 229 644 etsi
246 597 360 666 nuper
376 597 487 642 unttm
506 574 550 640 ad
572 584 605 642 tc
621 569 717 654 misi,
743 593 894 662 quorum
911 567 1060 634 alterum
1112 561 1262 645 lutares,
1288 583 1327 628 ac
1352 557 1497 634 efficiat,
1525 571 1564 626 ut
1588 549 1693 626 huius
1717 557 1787 624 iam
1811 559 1966 628 ordinati
1989 557 2104 628 Mini-

64 677 171 748 dabis
189 676 384 747 Secretario
402 673 554 744 Senatus
569 671 685 742 vestri.
738 669 956 740 Nuncadest
978 665 1062 734 illu·
1112 662 1259 732 sterium
1277 661 1321 730 sit
1338 659 1457 728 efficax
1475 670 1508 726 et
1524 657 1685 727 salutare.
1740 653 1978 748 lpsumetiam
1997 657 2102 744 „Ma-

67 778 261 848 strissimus
283 778 446 868 princeps
468 769 751 864 archiepiscopus
772 763 1063 860 Meideburgen-
1113 764 1259 852 gistrum
1270 755 1522 830 Melchiorem''
1540 775 1572 828 et
1590 783 1688 828 suam
1697 755 1891 829 Ecclesiam
1907 755 2102 842 hortamur,

67 878 136 954 sis.
195 875 315 948 Aulici
350 867 514 957 narrant,
555 877 681 944 ducem
708 869 909 942 Henricum
935 865 1064 940 Brun·
1114 877 1154 936 ut
1168 864 1286 934 iurent
1301 859 1535 952 Evangelium
1550 857 1620 930 Dei
1635 861 1721 950 pure
1736 872 1771 930 et
1787 861 1939 931 fideliter
1960 885 2103 932 conser-

66 981 263 1050 svicensem
287 979 426 1048 duxisse
449 976 640 1048 exercitum
660 975 704 1042 ad
720 973 762 1048 N.
777 975 916 1046 urbem.
965 969 1062 1041 Bene
1115 965 1189 1034 vari
1215 979 1249 1035 et
1269 963 1467 1058 propagari.
1516 960 1608 1032 Nam
1635 955 1702 1032 hoc
1720 961 1835 1034 officio
1852 963 1952 1034 Deus
1969 965 2103 1054 praeci-

68 1083 170 1166 vale,
196 1095 230 1152 et
248 1082 412 1152 rescribe.
463 1077 600 1168 Quarto
620 1073 722 1146 Maii.

96 1322 227 1334 ..--—-

84 1483 152 1552 No.
167 1479 279 1554 5882.

76 1579 292 1614 ΝΜ

930 1485 950 1549 5
983 1477 1067 1539 lllaii.

403 1669 744 1754 Testimonium.

145 1847 222 1920 †Er
242 1841 917 1927 autographo-quodestinbibliothfiuelpherb.
940 1867 971 1882 -
1008 1839 1067 1892 Te·
1122 1877 1131 1892 .

180 1915 337 1970 stimonium
359 1925 430 1984 typis
447 1923 485 1966 cst
505 1912 681 1982 exscriptum,
704 1911 818 1982 exceptis
839 1913 885 1978 iu,
903 1927 971 1981 quae
990 1909 1068 1979 siguo

179 1990 262 2056 ‚‚-'’
280 1985 446 2046 notavimus,
475 1999 544 2054 quae
561 1981 719 2036 Melanthos
731 2001 779 2034 sua
793 1998 875 2034 mauu
890 1979 1017 2032 exaravit.

412 2133 730 2226 (Testimonium.)

77 2275 231 2364 Gratias
253 2287 390 2378 agimus
413 2283 489 2356 Deo
511 2299 653 2354 aeterno
676 2285 767 2376 patri
785 2283 934 2354 Domini
958 2285 1069 2356 nostri

81 2394 161 2462 lesu
178 2385 331 2468 Christi,
358 2387 534 2457 conditori
550 2387 639 2456 coeli
662 2399 697 2456 et
719 2401 851 2472 terrae,
876 2401 910 2456 et
926 2387 1070 2476 angelo-

79 2519 160 2564 rum
185 2505 219 2560 et
241 2485 449 2572 hominum,
474 2503 508 2558 et
530 2489 680 2556 aliarum
706 2501 966 2572 creaturarum,
1000 2511 1069 2555 una

78 2621 161 2664 curn
176 2593 273 2662 Filio
294 2615 358 2660 suo
372 2589 527 2658 Domino
545 2605 665 2659 nostro
687 2587 766 2659 lesu
782 2585 923 2658 Christo
940 2605 973 2659 et
989 2589 1073 2674 Spi-

81 2699 154 2766 ritu
176 2717 240 2763 suo
256 2693 405 2778 Sancto,
432 2693 528 2784 quod
552 2691 722 2760 immensa
746 2691 986 2759 misericordia
1002 2687 1072 2759 Ec-

81 2797 223 2867 clesiam
255 2795 293 2863 in
317 2793 416 2862 omni
445 2792 648 2861 aeternitate
678 2793 793 2880 ipsum
819 2792 1073 2862 celebraturam

79 2901 187 2969 etiam
206 2897 243 2964 in
261 2890 318 2964 his
333 2893 537 2982 regionibus
554 2893 621 2962 sibi
638 2893 772 2982 colligit
791 2908 823 2963 et
841 2919 919 2962 eum
937 2891 1073 2983 suppli-

80 3025 135 3070 ces
161 3011 196 3068 et
217 2998 425 3066 ardentibus
442 2997 532 3064 votis
555 3017 697 3084 oramus
714 3019 758 3062 ne
781 2995 893 3064 lucem
911 3017 992 3062 suae
1008 2995 1073 3062 do-

80 3101 217 3172 ctrinae
232 3099 326 3166 iuter
342 3119 408 3164 nos
420 3095 576 3184 extingui
589 3095 700 3180 sinat,
726 3097 786 3166 sed
804 3097 969 3186 deinceps
984 3119 1075 3188 quo-

80 3227 151 3296 que
183 3202 223 3268 in
250 3195 308 3266 his
332 3197 536 3286 regionibus
558 3192 733 3266 Ecclesiae
762 3211 859 3285 regat
887 3209 920 3266 et
951 3209 1074 3265 servet.

84 3305 237 3394 Propter
252 3315 287 3370 te
306 3313 446 3368 aeterne
460 3296 575 3382 Deus,
601 3312 746 3389 propter
766 3311 801 3367 te
823 3322 938 3367 serves
952 3293 1075 3366 Eccle-

82 3405 191 3486 siam,
217 3417 256 3472 ut
275 3417 333 3470 tua
353 3397 464 3490 gloria
480 3423 617 3489 semper
637 3411 730 3468 recte
746 3400 951 3473 celebretur.
1003 3398 1074 3468 Tc-

84 3521 221 3576 stamur
239 3517 356 3570 autem
381 3497 477 3569 bunc
497 3499 622 3568 Virum
645 3495 834 3570 honestum
857 3491 1076 3585 „Malchio-

86 3631 160 3675 rem
185 3598 422 3675 Weidmann
441 3597 733 3670 Ersordienscm”
759 3618 921 3673 vocatum
943 3625 1015 3670 esse
1033 3604 1075 3670 ad

85 3705 330 3778 Ministerium
344 3701 529 3790 Evangelii
547 3703 585 3770 in
599 3699 756 3772 Ecclesia
771 3699 839 3770 Dei
856 3705 923 3787 „in
941 3701 1075 3796 lnclyta

84 3811 176 3880 urbe
198 3805 365 3877 Ersordia
388 3805 426 3872 in
449 3805 580 3894 templo
604 3803 639 3876 S.
662 3801 865 3878 Andreae.''
915 3803 1077 3897 Cumque

86 3910 202 4000 rogati
225 3929 397 3990 essemus,
420 3920 459 3976 ut
486 3906 662 3997 explorata
690 3907 766 3976 eius
792 3905 993 3975 eruditione
1011 3931 1077 3997 pu-

86 4013 218 4082 blicam
234 4005 512 4078 Ordinationem
538 4009 768 4092 adderemus,
793 4007 983 4096 diligenter
998 4031 1076 4078 euro

86 4112 292 4184 audivimus
312 4123 346 4180 et
368 4107 605 4198 comperimus
628 4133 707 4178 euru
733 4123 824 4179 recte
847 4122 965 4176 tenere
982 4131 1078 4176 sum-

88 4237 184 4282 rnam
198 4208 422 4284 Christianae
444 4210 625 4278 doctrinae
646 4223 681 4278 et
701 4209 864 4301 amplecti
889 4209 1076 4300 puritatem

87 4312 294 4404 Evangelii,
324 4335 429 4404 quam
452 4305 609 4379 Ecclesia
635 4324 754 4381 nostra
787 4335 860 4382 uno
883 4307 1021 4404 Spiritu
1047 4325 1080 4379 et

89 4439 164 4486 una
178 4438 263 4484 voce
276 4437 357 4482 cum
372 4405 555 4481 Catholica
567 4407 724 4480 Ecclesia
737 4409 871 4482 Christi
887 4413 1081 4504 profitetur,

89 4542 135 4586 ac
149 4540 165 4584 a
181 4513 343 4584 fanaticis
360 4511 590 4604 opinionibus
603 4514 777 4584 damnatis
800 4514 932 4582 iudicio
949 4509 1081 4582 Catho-

91 4619 182 4686 licae
195 4613 373 4688 Ecclesiae
392 4603 538 4682 Christi
544 4609 744 4685 abhorrere.
791 4613 960 4682 Promisit
977 4615 1081 4682 etiam

90 4713 156 4786 hic
172 4715 373 4806 „Magister
387 4709 590 4785 Melchior’'
612 4715 649 4782 in
665 4715 825 4785 doctrina
849 4715 1081 4784 constantiam

92 4834 130 4889 et
146 4819 181 4886 in
197 4819 314 4888 officio
333 4818 438 4886 fidem
457 4829 491 4886 et
505 4815 735 4906 diligentiam.
788 4814 906 4903 Quare
930 4816 963 4885 ei
988 4817 1081 4896 iuxta

97 4921 293 4989 doctrinam
334 4915 608 5009 Apostolorum,
665 4916 805 5008 publica
845 4913 1084 4988 Ordinatione

96 5021 382 5089 commendatum
401 5034 448 5086 est
467 5015 709 5086 Ministerium
728 5019 879 5086 docendi
898 5015 1083 5107 Evangelii

94 5137 131 5192 et
156 5119 380 5190 Sacramenta
405 5145 422 5188 a
450 5121 522 5187 tilio
540 5115 606 5186 Dei
632 5117 793 5187 instituta
813 5119 1086 5189 administrandi

93 5225 191 5292 iuxta
216 5222 449 5292 vocationem.
499 5215 662 5312 Cumque
686 5220 855 5310 scriptum
877 5220 923 5289 sit
945 5223 989 5290 de
1011 5219 1085 5288 tilio

96 5321 183 5392 Dei:
207 5323 401 5408 Ascendit,
434 5320 532 5390 dedit
555 5323 649 5390 dona
670 5313 894 5406 hominibus,
926 5315 1086 5412 Prophe-

156 5427 334 5492 llrtnru.
359 5426 462 5491 Orrn.
491 5425 575 5494 Ver..
604 5423 695 5492 Vlll.

1115 1089 1184 1160 pue
1208 1089 1244 1136 se
1273 1065 1343 1135 coli
1372 1063 1544 1156 postulat,
1576 1063 1667 1137 sicut
1695 1064 1814 1158 iuquit
1842 1059 2023 1136 Christus:
2060 1061 2104 1134 ln

1115 1163 1184 1238 hoc
1199 1167 1415 1258 glorificatur
1430 1163 1537 1235 Pater
1553 1188 1670 1249 meus,
1694 1177 1734 1236 ut
1749 1167 1903 1236 fraretum
1922 1165 2105 1258 copiosum

1116 1270 1251 1356 feratis,
1277 1281 1310 1338 et
1327 1269 1418 1338 fiatis
1434 1266 1504 1336 mei
1518 1266 1694 1358 discipuli.
1745 1263 1794 1336 Et
1807 1261 1872 1336 hac
1886 1268 1964 1338 luce
1985 1279 2106 1336 reten-

1119 1385 1170 1454 ta,
1194 1385 1313 1440 manet
1329 1365 1503 1452 Ecclesia,
1529 1379 1562 1436 et
1586 1369 1701 1438 aderit
1716 1367 1754 1436 in
1773 1392 1812 1438 ea
1827 1365 1982 1440 Ecclesia
1998 1365 2106 1450 Deus,

1119 1472 1216 1540 dabit
1231 1471 1351 1542 Vitam
1367 1483 1544 1540 aeternam
1561 1468 1808 1540 invocantibus
1827 1471 1956 1560 ipsum,
1981 1482 2016 1540 et
2028 1471 2108 1560 opi-

1119 1573 1293 1642 tulabitur
1315 1571 1353 1640 in
1372 1569 1550 1640 aerumnis
1575 1565 1681 1640 huius
1695 1567 1804 1653 vitae,
1852 1571 1905 1640 lbi
1931 1571 2026 1640 enim
2043 1573 2106 1638 ad-

1120 1685 1170 1744 est
1193 1685 1228 1743 et
1250 1674 1391 1744 exaudit
1414 1669 1528 1757 Deus,
1554 1672 1617 1740 ubi
1642 1697 1709 1742 vox
1725 1667 1911 1762 Evangelii
1932 1684 2032 1742 sonat
2050 1673 2106 1740 in-

1121 1787 1283 1867 corrupta
1298 1775 1386 1844 sicut
1400 1775 1568 1864 scriptum
1587 1787 1638 1843 est
1656 1769 1731 1848 loh.
1747 1771 1827 1846 XV.
1851 1771 1889 1843 Si
1907 1772 2107 1842 manseritis

1121 1901 1158 1944 tn
1173 1900 1229 1944 me
1245 1889 1279 1946 et
1293 1875 1401 1946 verba
1418 1899 1494 1944 mea
1515 1874 1552 1942 iu
1576 1875 1677 1944 vobis
1695 1873 1908 1956 manserint,
1932 1873 2108 1968 quidquid

1123 1977 1317 2062 volueritis,
1334 1977 1470 2068 petetis,
1486 1989 1518 2046 et
1532 1977 1592 2044 fiet
1609 1977 1718 2048 vobis.
1751 1973 2107 2064 DataeWitebergae

1125 2076 1258 2162 „Anno
1279 2075 1394 2158 1553.
1439 2076 1506 2148 Dia
1523 2077 1647 2169 quinto
1664 2075 1753 2146 Maii
1769 2101 1839 2169 quo
1858 2077 1916 2144 die
1931 2075 2025 2145 filius
2040 2071 2109 2146 Dei

1125 2194 1231 2263 „aute
1247 2205 1360 2248 annos
1380 2176 1488 2253 1519.
1505 2179 1717 2247 admirando
1733 2171 1914 2266 triumpho
1932 2192 2108 2270 spectante

1125 2304 1277 2370 „magno
1309 2294 1412 2350 coetu
1441 2280 1696 2370 Apostolorum
1728 2291 1761 2348 et
1784 2277 2040 2370 discipulorum
2071 2279 2111 2350 in

1127 2383 1288 2466 ,coelum
1306 2379 1492 2452 ascendit.''

1275 2498 1398 2568 Pastor
1419 2495 1596 2568 Ecclesiae
1619 2493 1906 2586 Witebergensis
1927 2512 1961 2569 et
1982 2502 2111 2570 caeteri

1269 2598 1429 2670 Ministri
1437 2597 1622 2688 Evangelii
1637 2597 1676 2666 in
1693 2599 1814 2668 eadem
1830 2593 1998 2671 Ecclesia.

1624 2709 1801 2784 lohannes
1820 2711 2061 2808 Bugenhageu

1720 2815 1871 2900 brunus
1887 2814 1934 2890 D.

1469 2987 1495 3054 l.
1510 2987 1666 3052 Timothei
1685 2981 1762 3054 llll.

1227 3097 1380 3174 Attende
1395 3101 1540 3172 lectioni
1556 3095 1807 3176 adhortationi,
1831 3097 2025 3183 doctrinae,
2042 3095 2115 3168 Ne-

1174 3205 1282 3294 gligas
1304 3205 1439 3272 donum
1460 3206 1555 3296 quod
1581 3202 1671 3270 inte
1695 3213 1767 3282 est,
1795 3200 1889 3292 quod
1916 3200 2037 3270 datum
2062 3213 2114 3270 est

1175 3309 1239 3376 tibi
1266 3329 1331 3398 per
1348 3299 1573 3396 Prophetiam
1598 3327 1677 3373 cum
1704 3299 1928 3392 impositione
1944 3325 2116 3374 manuum

1177 3423 1295 3480 coetus
1312 3406 1513 3478 Seniorum.

1520 3503 1696 3576 lohannes
1712 3501 1897 3572 Forsterus
1912 3499 1976 3574 Dr.

1525 3604 1739 3694 „Philippus
1756 3597 2000 3678 Melanthon.''

1522 3702 1751 3890 Seliiitsiahus
1773 3799 1996 3876 Kossthelius
2014 3805 2066 3876 M.

1523 3909 1636 3981 Lucas
1652 3905 1837 3978 Hetaerius
1851 3903 1904 3977 M.

1228 3710 1285 3808 u·
1301 3706 1351 3806 s.)

1127 4123 1392 4139 ...ρ-...μου-

1130 4269 1195 4340 Νο.
1211 4263 1326 4337 5883.

1136 4361 1307 4393 Μ

1435 4443 1533 4528 Iao.
1559 4441 1820 4552 Burdingo.

1201 4613 1219 4678 †
1239 4609 1276 4662 Er
1292 4625 1385 4680 apogr.
1398 4604 1427 4657 in
1443 4603 1505 4660 eod.
1519 4601 1606 4655 Paris.
1623 4601 1660 4654 D.
1677 4600 1709 4656 L.
1721 4599 1782 4655 54³.

1134 4757 1307 4831 [acobo
1333 4749 1602 4848 Burdingo,
1640 4745 1780 4820 doctori
1802 4745 1899 4817 artis
1929 4739 2055 4817 medic.
2084 4732 2125 4810 iri

1347 4853 1489 4952 inclyta
1507 4848 1623 4926 Acad.
1642 4841 1915 4922 Rostochiensi.

1135 4997 1183 5087 S.
1208 5007 1253 5084 D.
1304 5005 1506 5076 Clarissimo
1531 5002 1587 5070 vir
1609 5014 1644 5069 et
1668 4999 1778 5068 amice
1804 4997 1993 5068 carissime.
2046 4989 2128 5064 Scio

1135 5129 1169 5186 te
1190 5133 1331 5205 quoque
1355 5101 1421 5175 hac
1447 5101 1629 5174 notissima
1652 5101 1825 5170 sententia
1850 5095 2010 5168 Platonis
2032 5093 2130 5163 dele-

1136 5216 1241 5286 ctari:
1275 5201 1420 5285 δεινοὺς
1443 5199 1493 5276 dv
1524 5204 1699 5299 παρεῖχεν
1722 5201 1861 5296 ἔρωτας
1888 5193 1910 5290 ἡ
1937 5187 2133 5291 φρόνησις,

1137 5315 1171 5388 εἴ
1184 5340 1218 5386 τι
1240 5315 1412 5383 τοιοῦτον
1436 5303 1568 5400 ἑαυτῆς
1590 5297 1743 5404 ἐναργὲς
1765 5297 1919 5374 εἴδωλον
1941 5291 2134 5396 παρείχετο

1488 5407 1512 5478 6
