4726 5818
493 159 505 208 l

15 263 163 336 tm
471 285 479 320 ι
661 255 1092 344 menomenas
1133 247 1354 346 nram
1405 187 1552 368 esse·
2027 278 2125 369 xru
2261 347 2269 356 .

13 477 20 512 r
80 432 290 530 ’Ἑῤῥιοσθὴ
316 431 359 508 ir
379 437 426 530 τῇ
452 428 763 534 lapsrffsponff).
811 431 1080 540 Ydreps'styyor
1133 437 1333 534 etspoitoli
1346 452 1464 532 postea
1483 440 1684 530 immediata
1702 443 1885 516 mentione
1899 447 2013 518 vanati
2028 465 2124 536 suist,

13 547 21 578 ¹
87 529 317 630 omnigenos.
749 571 754 580 ·
848 558 864 588 '·
1134 551 1169 614 et
1192 541 1337 614 feserunt
1358 535 1550 634 prophetae
1566 545 1610 612 de
1628 545 1734 616 variis
1758 548 1863 618 rebus
1878 549 2121 634 vaticinantes,

568 635 755 724 minume
767 633 1027 741 Meluiyxdtura
1133 641 1243 736 aliqui
1258 643 1364 714 etiam
1380 643 1441 738 qni
1456 643 1603 736 impiam
1616 647 1815 718 doctrinam
1829 661 2004 739 micarunt,
2030 667 2065 726 et
2081 654 2120 723 in

838 747 858 773 ·'
1132 743 1353 815 confessione
1376 746 1436 838 pia
1457 758 1561 821 testes
1582 749 1728 818 fuerunt
1746 751 1907 840 puritatis
1928 753 2122 838 doctrinae,

1131 855 1173 916 ut
1187 839 1405 938 Stephanus,
1428 832 1642 920 Laurentius
1658 851 1782 936 etalii,
1809 851 1870 946 qui
1886 877 1959 923 non
1975 855 2119 926 fuemnt
2264 940 2267 948 p

11 942 18 1022 Γ
83 989 155 1068 ΝΟ.
170 989 283 1089 σου.
575 982 579 997 ·
739 959 796 1070 15'·
819 995 887 1064 lun.
908 989 1080 1084 (Lipsiae.)
1132 947 1348 1038 professione
1362 951 1534 1027 doctores.

11 1063 266 1164 :⁹⁹⁹
422 1179 434 1211 ν
593 1177 603 1200 ,
721 1089 1078 1136 '‘⁴¹⁸⁸'‘
1231 1113 1323 1188 Cum
1353 1113 1446 1188 banc
1473 1118 1658 1210 epistolam
1691 1123 1885 1216 acceperis,
1920 1149 2048 1220 quaeso
2081 1141 2121 1198 nt

396 1179 508 1306 (qli-
538 1172 769 1264 Flffilm·
1130 1239 1253 1288 rorans
1272 1219 1319 1290 ad
1338 1241 1395 1288 me
1419 1219 1570 1308 scribas,
1603 1223 1722 1316 qualia
1744 1226 1908 1298 ostendat
1930 1227 1992 1298 ille
2020 1227 2120 1316 signa

155 1353 233 1412 w.
254 1353 286 1410 ,n
308 1352 437 1410 m
455 1352 627 1414 mmo
651 1351 726 1410 ,Μ
750 1353 823 1412 d„
842 1353 928 1412 m·
953 1369 982 1424 p,
1004 1353 1080 1420 ,μὴ
1129 1319 1187 1389 sni
1207 1315 1463 1392 Enthusiasrni.
1512 1321 1567 1394 De
1587 1317 1662 1410 bis,
1687 1349 1777 1420 quos
1799 1329 1843 1396 ad
1859 1339 1894 1397 te
1911 1329 2011 1413 misi,
2037 1351 2119 1418 gra·

188 1434 412 1482 nonenoeane
437 1424 576 1498 dautes·
599 1441 630 1478 es
656 1422 825 1498 sougnpbo
849 1423 880 1480 in
904 1422 969 1482 bibl.
993 1423 1078 1496 Raris
1128 1420 1217 1491 tiam
1231 1420 1297 1493 tibi
1311 1417 1438 1509 habeo,
1454 1445 1494 1494 ac
1508 1427 1691 1495 reverendi
1703 1425 1826 1500 viriD.
1834 1421 1949 1500 Pacci
1960 1430 2074 1502 lilium
2082 1423 2120 1524 *)

188 1491 319 1553 aanor.
1128 1545 1252 1594 mrsus
1275 1524 1342 1594 tibi
1365 1527 1594 1613 commendo,
1620 1539 1725 1624 teque
1748 1553 1831 1615 oro,
1854 1545 1895 1604 nt
1917 1553 2000 1602 curn
2021 1554 2121 1604 com-

81 1649 297 1726 Reuerendo
316 1655 413 1739 uiro,
440 1651 695 1728 eruditiorem
712 1651 844 1726 uirtute
855 1653 1078 1754 praestanti,
1127 1625 1310 1744 lefflms
1335 1625 1435 1696 lum
1457 1641 1491 1698 ‘²
1512 1650 1629 1702 Μ’·
1679 1631 1740 1702 3ῑο
1760 1653 1886 1752 PM?
1911 1633 2055 1752 {⁸¹³⁰‘02
2080 1645 2121 1704 ¹¹²

9 1841 11 1852 Α
82 1754 141 1834 D.
177 1749 534 1856 Christoplsoro
572 1750 792 1844 Fischer,
849 1755 1079 1854 gubernanti
1128 1741 1525 1846 “fimenfflfflel
1577 1727 1778 1803 Beuum
1824 1731 2117 1853 L¹P⁵¹f¹ff¹⁶·¹¹¹·

8 1937 12 1962 b
81 1855 293 1932 Ecclesiam
320 1853 381 1930 det
406 1857 445 1930 in
470 1854 609 1932 ditione
631 1855 838 1930 illustrium
866 1857 1075 1958 principum
1128 1852 1193 1904 ¹¹¹¹·
1866 1830 2069 1928 Ph¹¹¹PP⁰⁵·

160 1957 539 2058 chnebngsnsium,
557 1960 686 2064 fratri
703 1982 773 2032 suo
796 1951 1028 2040 carissima·
1726 1963 1729 1970 '

82 2115 133 2204 S.
157 2125 205 2204 D.
255 2125 464 2206 Reverende
489 2125 545 2199 vir
568 2141 605 2198 et
624 2125 803 2198 conuiuia
825 2127 945 2202 frater.
995 2125 1076 2198 Me-

81 2231 175 2302 mini
191 2225 248 2300 bis
264 2231 410 2320 triginta
426 2227 530 2300 annis
544 2229 695 2314 multos,
721 2229 1076 2322 quisinevosatione
1131 2183 1346 2324 Q
1939 2191 2110 2326 Q

7 2363 9 2396 ι
80 2333 240 2404 mediata
254 2332 369 2423 vagati
384 2344 468 2404 sunt
482 2345 516 2402 et
529 2330 617 2402 falso
632 2331 780 2424 professi
794 2343 896 2418 sunt,
915 2331 1073 2402 seadeo
1399 2371 1451 2462 Α
1491 2375 1542 2463 H
1592 2377 1626 2464 d
1683 2377 1708 2464 b
1803 2380 1813 2400 .

7 2459 9 2472 ·
81 2436 212 2506 missos
243 2457 317 2504 esse
348 2435 394 2506 ad
424 2427 620 2504 Ecclesiam
653 2433 924 2508 emendandam.
988 2430 1075 2502 Vidi
1451 2439 1488 2524 ‘¹
1536 2403 1591 2462 ar
1624 2405 1681 2464 Μ
1710 2405 1850 2506 ‘ir-9¹⁰·

80 2529 276 2632 Cygneum
291 2527 513 2630 Pelargum,
538 2534 605 2628 qni
618 2534 775 2620 dicebat,
799 2534 869 2606 sibi
884 2535 932 2606 ab
947 2533 1074 2626 angelo
1229 2531 1300 2608 Ete-
1315 2531 1349 2590 ’ἃ
1368 2531 1556 2630 undum.
1575 2553 1619 2606 se·
1632 2533 1676 2593 4⁸·

6 2663 8 2678 ’
80 2639 255 2712 Gabriele
269 2637 403 2709 dictum
419 2659 511 2722 esse,
529 2637 606 2707 fore
619 2659 702 2706 enm
716 2636 989 2708 instauratorem
1002 2633 1074 2708 Ee·
1894 2693 1902 2710 .
2062 2697 2066 2716 ,

79 2742 220 2826 clesiae,
245 2753 280 2812 et
293 2739 573 2820 vociferabatur,
593 2749 733 2808 nostros
747 2751 905 2829 pastores
917 2762 992 2808 esse
1006 2730 1074 2831 hy·
1298 2683 1353 2769 D·
1379 2685 1574 2763 Album
1600 2689 1877 2812 Harihh‘rff
1885 2718 1939 2812 ’.θ’

5 2895 6 2904 1
78 2845 255 2938 pocritae,
280 2831 822 2926 seadllatusdiviooshabere,
847 2839 1075 2912 rennuebat
1125 2825 1174 2914 S.
1200 2835 1245 2912 D.
1303 2836 1514 2914 Reverende
1544 2841 1601 2912 vir
1629 2858 1664 2916 et
1692 2844 1871 2916 carissime
1899 2844 2018 2919 frater.
2068 2841 2119 2920 Et

79 2944 262 3040 colloquia
294 2967 376 3016 eum
406 2941 541 3034 angelis
570 2937 704 3016 habita.
755 2937 960 3034 Ispostea,
993 2964 1073 3010 eum
1124 2939 1289 3030 lingonis
1305 2953 1340 3012 et
1353 2939 1552 3023 Pasebasii,
1586 2957 1622 3016 ct
1638 2943 1763 3036 Vigilii
1779 2945 1952 3041 Martyris
1968 2959 2002 3018 et
2018 2945 2118 3020 Lon

78 3043 176 3120 nihil
197 3045 338 3137 egisset,
370 3058 532 3116 mortuns
551 3057 604 3115 est
625 3042 877 3116 miserabiliter
898 3044 938 3117 in
957 3041 1074 3114 Noso-
1124 3043 1274 3132 gobardi
1288 3065 1449 3135 expressa
1467 3055 1552 3116 sunt
1570 3047 1773 3118 testimonia
1789 3049 1834 3118 de
1850 3047 1929 3118 loco
1946 3050 2117 3140 eorporis.

77 3150 199 3222 comio
214 3142 449 3218 Monachensi
474 3147 513 3216 in
528 3143 689 3218 Bavaria.
740 3140 789 3216 Et
807 3165 946 3236 possem
969 3145 1074 3236 plura
1124 3140 1418 3218 Sedhaecaetas
1442 3149 1615 3240 quamsit
1642 3151 1779 3235 audax,
1804 3164 1959 3244 etquam
1983 3150 2117 3222 irreve-

77 3254 235 3324 aliorum
256 3250 413 3342 exempla
432 3247 591 3320 recitare.
641 3243 722 3318 Cito
738 3249 873 3318 vanitas
892 3247 930 3316 in
952 3246 1073 3317 omni·
1124 3259 1245 3317 renter
1258 3247 1302 3316 de
1317 3271 1399 3318 vera
1417 3249 1629 3342 antiquitate
1638 3243 1666 3343 ¹)
1689 3245 1868 3322 Ecclesiae
1887 3251 2034 3333 munst,
2061 3275 2117 3324 res

78 3357 149 3426 bus
166 3351 328 3422 fanaticis
344 3345 635 3442 deprehenditur.
670 3346 755 3420 ldeo
772 3351 930 3440 regulam
945 3371 1073 3442 sequa-
1124 3349 1290 3422 ostendit.
1339 3347 1445 3422 Nunc
1460 3349 1571 3420 vicini
1593 3351 1709 3423 nostri
1728 3351 1815 3424 ituri
1831 3353 1877 3424 ad
1900 3366 2116 3424 conventum

79 3457 148 3528 ris:
193 3449 319 3524 omnia
350 3450 524 3550 probate,
563 3441 663 3548 quod
696 3447 833 3520 bonum
866 3458 918 3520 est
952 3457 1073 3520 tenete.
1123 3447 1442 3538 Ratisbonen'sem,
1463 3451 1623 3524 fecerunt
1643 3447 1927 3548 προβούλευμα,
1954 3465 1995 3526 ut
2016 3467 2139 3526 vete··

76 3557 190 3630 ltem:
215 3551 367 3651 probate
383 3551 550 3652 spiritus,
576 3575 629 3621 un
645 3573 692 3621 ecc
708 3545 877 3624 deosinl.
926 3546 1072 3622 Estau-
1123 3551 1450 3640 resnominabant,
1472 3576 1508 3622 se
1525 3555 1754 3624 damnaturos
1770 3577 1934 3636 reseces,
1959 3554 2023 3648 qui
2039 3577 2114 3625 non

77 3677 152 3734 seru
178 3679 305 3728 norma
330 3657 483 3728 merisne
509 3654 674 3726 illustriss
710 3677 811 3724 error
837 3653 876 3722 in
898 3653 1072 3727 doctrina.
1123 3653 1278 3744 probant
1292 3651 1446 3724 Stoicam
1464 3655 1724 3726 necessitatem:
1752 3651 1839 3726 Item
1859 3649 1931 3750 τὴν
1954 3651 2114 3752 ipsein-

75 3759 247 3834 Proxima
275 3781 400 3830 norma
430 3771 483 3830 est
514 3755 671 3828 turbatio
701 3756 860 3828 ordinati
882 3754 1072 3826 ministerii
1122 3748 1261 3846 cpeinse
1314 3751 1413 3842 Quid
1427 3755 1483 3845 agi
1498 3771 1591 3828 recte
1605 3768 1736 3848 potest,
1761 3781 1842 3827 eum
1867 3757 1951 3828 talia
1971 3757 2115 3850 praeto:

76 3875 176 3936 recte
196 3862 366 3935 docentis.
418 3857 507 3930 ltem
527 3857 666 3930 seditio.
718 3856 844 3930 Postea
866 3857 930 3928 alii
944 3879 1071 3927 mores.
1121 3855 1215 3926 dicia
1228 3853 1462 3927 adseruntur?
1486 3855 1527 3928 Si
1541 3859 1707 3949 procedet
1721 3848 1956 3952 colloquium,
1971 3871 2006 3929 te
2019 3871 2113 3930 certe

77 3966 121 4038 Si
139 3963 221 4058 quis
238 3961 347 4052 igitur
364 3974 428 4034 aut
447 3961 648 4034 circumfert
668 3983 845 4046 errorem,
869 3973 932 4030 aut
952 3960 1072 4030 turbat
1122 3957 1242 4027 vocari
1260 3968 1388 4048 petam.
1437 3951 1517 4028 Oro
1533 3973 1650 4031 autern
1666 3959 1780 4031 lilium
1797 3957 1883 4046 Dei,
1908 3946 2031 4030 ut'nos
2047 3981 2115 4050 gn-

78 4063 320 4138 ministerium
344 4077 438 4152 recte
462 4064 611 4148 docens,
643 4073 847 4148 nntmovet
868 4059 1071 4146 seditiones,
1121 4059 1265 4140 bernet,
1290 4071 1325 4129 ct
1346 4058 1498 4131 illustret
1519 4059 1596 4154 ipse
1609 4059 1792 4132 veritatem
1813 4075 1849 4132 et
1864 4083 1985 4130 veram
2006 4061 2112 4131 invo·

77 4165 312 4242 utfaeiebant
326 4159 565 4234 Moreturs'us
579 4175 615 4234 et
629 4162 705 4236 eins
718 4163 890 4252 collegae,
914 4174 977 4232 aut
993 4175 1070 4234 tor·
1122 4160 1309 4232 tadonem.
1358 4158 1501 4232 Novum
1521 4176 1698 4234 certamen
1720 4175 1839 4234 movet
1853 4159 1986 4253 Progne
1999 4157 2113 4258 Cyni-

79 4267 699 4364 pitudinemoruminqoinatusest,
724 4264 930 4336 manifestae
945 4286 1069 4336 mersae
1121 4283 1204 4348 cus,
1240 4263 1304 4356 qui
1332 4253 1514 4334 Carisius
1542 4265 1767 4348 nominatur,
1804 4263 1849 4334 de
1881 4259 2113 4334 Invocatione

77 4385 166 4444 sunt
182 4393 263 4443 cusu
277 4368 472 4440 damnandi
485 4380 520 4440 et
534 4361 757 4440 cohercendi·
992 4439 1011 4458 ‚
1121 4361 1353 4448 Mediatoris,
1394 4365 1439 4434 de
1466 4387 1536 4458 qua
1567 4363 1705 4460 aliquid
1730 4364 1805 4436 dixi
1825 4365 1874 4434 in
1896 4362 2047 4456 Pegellis
2064 4361 2112 4463 ²),

184 4485 235 4560 Et
246 4487 316 4558 cito
331 4479 574 4579 deprehendes
586 4485 708 4580 quales
722 4483 794 4556 sint
807 4483 959 4554 adflatos
972 4483 1070 4554 illius
1121 4465 1335 4587 (luflfmlllffl
1386 4462 1484 4535 30⁰²
1500 4465 1588 4538 v³¹¹8·
1637 4463 1706 4537 Die
1725 4469 1783 4540 17·
1802 4463 1909 4542 lunii·

77 4591 231 4669 amoris,
261 4590 306 4660 de
330 4611 401 4683 qno
425 4587 564 4658 scribis.
613 4583 700 4656 ideo
722 4587 888 4656 observes
906 4583 981 4655 eius
1003 4587 1069 4655 do-
1349 4663 1353 4675 ,
1618 4577 1809 4680 Philippus
1834 4577 2060 4657 Melantbon.
2096 4576 2102 4588 '

76 4693 233 4768 ctrinam
257 4703 291 4762 et
307 4711 443 4776 mores,
473 4711 539 4759 nee
562 4687 658 4758 sines
678 4687 815 4782 turbari
831 4685 1068 4758 ministerium
1127 4682 1338 4702 ’””““““““““”

75 4812 194 4870 ιιιιιιιι.
228 4789 416 4865 Caeterum
430 4791 475 4862 de
487 4788 601 4881 dieto:
621 4784 686 4858 lea
698 4795 730 4857 et
743 4779 942 4885 prophetae
955 4807 1069 4886 usque
1153 4802 1180 4877 ⁸)
1198 4803 1260 4864 vta.
1277 4803 1311 4864 de
1324 4824 1360 4865 ee
1377 4805 1458 4881 eptas.
1474 4808 1507 4865 st
1526 4807 1686 4868 rudem
1703 4809 1733 4866 c.
1750 4809 1796 4876 tt,
1807 4807 1874 4866 uate
1891 4805 1920 4864 b
1937 4825 1962 4872 a.

75 4891 137 4970 ud
154 4887 385 4975 iohannem,
416 4892 533 4964 aliens
563 4903 615 4962 est
639 4885 727 4960 haec
744 4889 1007 4980 interpretatio,
1036 4889 1069 4960 si
1154 4910 1182 4974 ι)
1200 4885 1290 4964 Peto}
1307 4911 1588 4982 menusanum.

75 4987 161 5097 quis
176 4999 272 5069 dicat
285 4995 405 5067 nullos
420 4993 563 5066 excitari
583 4989 783 5062 immediate
799 5015 819 5060 a
833 4993 921 5078 deu,
943 4991 1015 5062 nisi
1028 4991 1068 5062 in
1152 5009 1524 5085 autumnitanorum
1543 5011 1578 5070 ab
1594 5009 1706 5077 mnan,
1727 5010 1756 5072 t.
1773 5010 1818 5070 n.
1834 5010 1903 5071 Mati
1922 5011 1999 5070 tata

74 5099 280 5176 ιιιίιιίιιιιίο
293 5095 490 5184 ordinario,
504 5117 568 5168 sen
582 5093 767 5190 somnone
778 5091 945 5169 nmen.
974 5089 1068 5168 Nam

70 5275 283 5300 Μ

111 5375 225 5447 dllfcn
243 5374 352 5450 quidem
390 5381 437 5432 nlo
454 5371 499 5429 «tte
521 5371 646 5438 solstitii,
674 5373 722 5432 ssd
743 5382 869 5452 tempore
891 5367 1017 5438 mutuis,
1041 5379 1068 5429 sl

145 5445 249 5518 scrius
265 5460 323 5503 ιιι
464 5441 580 5515 lie-'sn
1036 5453 1037 5456 ’
