4712 5828
68 247 144 326 stt
609 290 615 298 ·
645 237 1084 322 EPiS'l'OLARUM
1137 235 1248 315 tte.
1271 235 1357 316 Xii.
1409 231 1541 316 scot.
2034 244 2109 320 ets

70 421 201 508 nobis,
233 431 268 492 et
284 418 547 506 resuscitatum,
579 421 761 493 custodem
775 413 954 490 Ecclesiae
971 439 1066 496 suae,
1117 433 1193 484 non
1211 410 1438 498 necessarias,
1469 433 1576 505 quam
1597 435 1678 482 eum
1699 413 1823 486 scribit
1837 407 2107 513 Bellerophon-

71 537 115 596 nt
137 539 174 596 et
195 519 258 594 bas
280 523 443 614 regiones
463 535 497 592 et
519 545 640 594 earnm
657 521 835 616 principes
850 533 886 593 et
901 531 1067 602 caeteros,
1116 521 1185 586 tem
1200 525 1279 606 post
1292 513 1422 584 multas
1435 511 1599 586 victorias
1613 513 1745 604 Pegaso
1760 516 1913 589 voluisse
1929 517 2033 590 etiam
2048 520 2106 589 in·

72 627 136 720 qui
150 625 305 721 publicis
318 624 477 696 consiliis
493 624 689 709 intersunt,
715 635 875 715 protegat
888 635 922 694 et
937 623 1067 714 guber·
1115 631 1169 689 tra
1185 616 1322 688 coelum
1340 616 1385 686 ad
1403 613 1522 686 lovem
1536 611 1629 700 vehi,
1654 619 1715 686 sed
1730 640 1912 690 excussum
1927 620 2013 692 etin
2029 624 2105 692 solo

71 741 148 800 net.
195 725 345 801 Caiend.
373 725 553 820 Septemb.
570 748 654 804 ann.
673 721 786 803 1554.
1115 718 1286 790 afflictum
1302 717 1447 808 fregisse
1463 717 1611 810 pedem?
1647 717 1765 809 Quam
1780 720 1950 792 terribilis
1967 723 2104 813 pictura
2225 780 2228 788 ,

1115 834 1168 892 est
1183 816 1355 906 Ixionis,
1389 843 1495 914 quem
1519 821 1569 891 ait
1592 821 1762 892 iacentem
1786 821 1826 891 in
1845 835 1922 894 rota
1938 824 2103 896 clamare:
2141 867 2144 874 ·

1116 924 1239 995 discite
1263 920 1434 994 iustitiam
1460 922 1607 1006 moniti,
1639 935 1673 994 ct
1699 947 1774 993 non
1799 939 1957 996 temnere
1982 926 2105 998 divos?

72 1065 131 1140 No
156 1063 256 1142 566¹
294 1025 297 1034 “
915 1079 947 1138 ¹·
961 1067 1044 1154 Sept.
1115 1019 1326 1096 Tantalum
1340 1023 1390 1096 ait
1403 1024 1485 1094 ideo
1500 1025 1545 1096 ad
1561 1025 1692 1096 inferos
1704 1025 1881 1097 abiectum
1897 1049 1982 1114 esse,
2008 1033 2104 1123 quod

82 1120 272 1195 &aad
895 1157 1062 1190 ws-
1116 1142 1301 1200 nectarea
1326 1127 1491 1198 convivio
1516 1128 1929 1206 deorumfuratuserat,
1987 1129 2104 1219 Quam

1117 1242 1197 1322 apte
1230 1223 1299 1298 hoc
1331 1229 1496 1320 congmit
1528 1229 1574 1298 ad
1613 1231 1829 1322 corruptelas
1870 1231 2106 1322 religionum?

356 1267 555 1360 Senatui
580 1269 785 1358 uatem·
1116 1329 1246 1402 Narrat
1258 1323 1408 1400 Petrum
1431 1327 1476 1402 ab
1492 1324 1618 1402 Aceste
1639 1325 1789 1424 hospitis
1807 1332 1957 1424 coniuge
1973 1333 2106 1406 invita·

143 1429 269 1505 Etim·
288 1430 503 1516 arrapennis,
523 1431 679 1515 'praemisa
693 1431 784 1516 duros
815 1431 978 1516 reductum
997 1432 1067 1487 ero·
1116 1445 1192 1505 tum
1217 1433 1264 1503 ad
1287 1431 1518 1518 adulterium,
1555 1447 1776 1506 recusantem
1801 1457 1885 1506 vero
1913 1459 1932 1506 a
1958 1437 2106 1508 muliere

181 1500 276 1572 phetae
293 1511 321 1556 et
333 1501 414 1572 Reges
427 1500 563 1572 Danda,
582 1501 703 1556 rersrbus
716 1502 842 1572 elegrects
860 1506 985 1574 (maccus)
1003 1501 1069 1554 red-

182 1569 271 1624 dum„
290 1589 306 1626 ι
326 1573 416 1626 pau„
429 1567 544 1624 „ogga
562 1567 697 1626 mmm
732 1570 851 1627 assitere
868 1591 917 1645 pe,
934 1571 974 1626 to.
988 1571 1069 1695 OE,
1117 1535 1205 1606 falso
1229 1547 1429 1606 accusatum
1454 1555 1548 1622 esse,
1581 1547 1617 1606 et
1637 1547 1825 1627 propterca
1836 1534 2026 1610 Centauris
2040 1540 2106 1609 cb·

180 1638 290 1708 dnum,
319 1657 385 1695 ¹³¹¹·
403 1638 575 1702 M·D·¹=V·
608 1655 702 1694 mem
727 1641 861 1711 Angusto.
890 1643 917 1696 8·
958 1641 995 1694 ΕΙ
1037 1659 1070 1695 se
1117 1637 1247 1708 iactum
1268 1659 1342 1706 esse
1362 1635 1553 1722 inermem,
1579 1637 1639 1707 sed
1660 1637 1712 1708 ibi
1729 1634 1845 1708 Deum
1861 1653 1984 1710 testem
2000 1640 2106 1712 innc-

180 1706 473 1850 ξῖἓζοῖξςζρζίζῗῗ,
491 1707 980 1834 dessfgssffi’,iflss'i‘ffl‘lfssssg'ffiuss
994 1709 1069 1831 1³5·ss
1118 1739 1254 1810 sentiae
1274 1738 1400 1824 fuisse,
1437 1753 1472 1810 et
1493 1761 1637 1810 ornasse
1662 1739 1855 1812 castitatem
1879 1755 1913 1812 et
1934 1741 2106 1814 iustitiam

178 1847 312 1920 pendisse.
330 1873 366 1888 -
401 1845 493 1900 Melan
525 1863 606 1900 onem
625 1863 683 1900 esse
703 1858 842 1902 auctorem
864 1845 944 1904 buius
963 1847 1069 1902 Dclccii
1118 1840 1287 1934 praemio,
1342 1837 1451 1912 Dedit
1474 1841 1569 1910 enim
1594 1863 1712 1912 ensem
1736 1840 1860 1928 Peleo,
1894 1865 2046 1938 eumque
2068 1845 2106 1913 in

179 1915 310 2044 Ῐὲιῖιιῗιιῗ
320 1914 983 2058 1¹5⁸5⁸5t⁸1⁰f1efflif'ssbifpbhffltibiaffirm
985 1917 1069 2038 ¹322,
1118 1943 1254 2036 proelio
1271 1943 1423 2014 servavit
1437 1965 1478 2012 ae
1494 1943 1649 2026 adiuvit,
1675 1956 1717 2018 ut
1732 1941 1992 2017 Centaurorum
2008 1969 2107 2016 exer-

180 2051 388 2108 Melrutbcnem
406 2052 465 2108 aliis
483 2052 578 2108 fecisse
595 2071 728 2118 seramus,
756 2067 786 2110 ut
805 2053 978 2123 ilofmannc,
1003 2053 1070 2110 Vito
1118 2046 1228 2116 titum
1251 2045 1397 2137 pelleret
1420 2057 1455 2115 ei
1472 2045 1687 2138 profligaret·
1738 2043 1914 2117 Laudatio
1932 2060 1985 2118 eti
2004 2049 2107 2118 casii·
2168 2095 2171 2101 ,

179 2121 343 2192 Th⁶⁰⁶⁰'⁰'
362 2119 493 2178 ⁰⁰¹⁸‘im
511 2140 575 2178 '⁸⁸⁰
591 2121 650 2176 ‘³¹¹⁸
668 2119 818 2196 ⁶¹⁸⁰⁵⁹⁸¹¹¹⁸⁸
834 2123 927 2180 Μ·
1118 2147 1201 2220 tatis
1216 2159 1250 2217 et
1264 2145 1417 2218 iustitiae
1433 2169 1630 2238 congruens
1646 2171 1727 2218 cum
1743 2147 1819 2238 lege
1833 2149 1967 2221 divina.

79 2293 367 2416 Honestissimis
393 2293 500 2414 ciris,
534 2291 722 2415 snpientia
750 2303 782 2368 et
807 2295 938 2416 pietate
961 2319 1072 2397 prae·
1222 2345 1300 2422 Etsi
1339 2364 1455 2421 autem
1522 2351 1626 2421 mim
1666 2344 1811 2422 honesta
1879 2375 1916 2422 m
2005 2369 2016 2424 ι
2095 2370 2108 2424 t

79 2395 538 2487 stuntrbus,Senatorsbus
553 2394 714 2496 molatae
728 2395 832 2471 crta
846 2395 1070 2472 Salrnarum
1497 2375 1520 2443 P
1855 2377 1877 2442 Ρ
1919 2377 2037 2444 ‘⁰²9³
2074 2377 2091 2426 θ

90 2501 97 2518 .
179 2499 187 2518 .
262 2497 338 2574 Sl
425 2493 463 2572 P
531 2495 549 2572 l
638 2495 681 2570 D
722 2497 740 2572 I
805 2498 813 2518 0
901 2497 1016 2575 Sl!
1121 2453 1278 2544 exempla
1304 2452 1510 2523 suavissime
1543 2453 1738 2526 recitantur
1768 2453 1806 2522 in
1838 2451 1987 2524 Pindari
2020 2457 2109 2540 odis,

81 2527 122 2574 m
148 2525 236 2601 ”pa
293 2527 317 2572 α
335 2523 396 2590 ⁰⁸²
464 2525 631 2680 unffi-1.
692 2524 869 2574 ⁰⁸⁶m⁸
933 2527 957 2574 α
977 2527 1071 2574 “⁶⁰²
1119 2567 1266 2649 propter
1279 2579 1369 2648 quae
1386 2553 1604 2647 sapientibus
1625 2555 1711 2625 viris
1727 2555 1831 2628 lectio
1848 2557 1923 2626 eius
1940 2557 2108 2628 omnibus

1121 2656 1339 2748 temporibus
1362 2656 1617 2730 iucundissima
1641 2655 1726 2729 fuit:
1760 2671 1878 2731 tamen
1903 2681 1970 2728 nos
1986 2654 2109 2730 in'Ee·

81 2745 212 2828 Audio
228 2747 411 2848 Angelum
426 2745 680 2834 Politianum,
706 2753 807 2824 cuius
822 2751 956 2824 iudicio
975 2753 1072 2823 mul·
1122 2759 1228 2831 clcsia
1249 2781 1324 2828 non
1348 2769 1488 2830 tantum
1509 2755 1602 2830 hanc
1623 2759 1832 2851 particulam
1856 2761 1962 2851 legis,
2002 2785 2108 2856 quam

81 2871 161 2929 tum
178 2855 290 2949 ipsius
305 2868 399 2928 aetas
414 2854 559 2942 tribuit,
585 2855 861 2950 interrogatum,
886 2855 974 2950 quid
991 2877 1073 2926 sen·
1115 2860 1298 2931 ⁴Pindarus
1313 2873 1349 2931 et
1365 2860 1426 2930 alii
1442 2861 1615 2952 sapientes
1633 2857 1767 2932 ethnici
1781 2877 2004 2956 proponunt,
2026 2865 2109 2956 quia

81 2961 167 3034 ciret
189 2960 234 3030 de
252 2957 400 3030 Psalmis
413 2955 581 3042 Davidis,
616 2979 692 3026 nou
713 2958 858 3053 quidem
878 2959 924 3028 de
946 2979 1073 3046 genere
1122 2965 1244 3033 lumen
1264 2961 1372 3032 estin
1387 2965 1584 3049 mentibus,
1614 2966 1710 3058 quod
1727 2965 1831 3036 nobis
1849 2987 1929 3034 cum
1945 2966 2111 3050 nascitur,

82 3059 278 3146 sermonis,
320 3061 417 3155 quod
436 3062 531 3151 apud
554 3083 620 3129 nos
642 3057 869 3152 peregrinum
888 3083 962 3130 esse
986 3081 1072 3130 eon·
1122 3064 1211 3134 scire
1233 3075 1389 3156 oportet:
1423 3067 1483 3134 sed
1506 3087 1646 3136 necesse
1662 3080 1731 3152 est,
1760 3089 1825 3138 nos
1839 3079 1873 3137 et
1888 3067 1985 3136 aliud
2000 3089 2111 3156 genus

83 3176 172 3244 stat,
199 3163 327 3232 sedda
350 3161 567 3253 argumentis
586 3183 646 3231 seu
661 3162 824 3232 doctrina
840 3159 1073 3246 Psalmorum,
1123 3165 1324 3252 doctrinae,
1355 3166 1519 3236 videlicet
1534 3163 1721 3258 Evangelii
1745 3193 1866 3238 vocem
1889 3171 1934 3238 de
1954 3169 2027 3238 filio
2043 3167 2111 3240 Dei

83 3263 325 3357 respondisse:
363 3287 400 3334 se
432 3289 516 3334 vero
553 3265 656 3334 valde
689 3265 840 3354 probare
873 3263 1074 3347 sententias,
1124 3283 1157 3339 et
1182 3269 1228 3338 de
1249 3267 1398 3359 gratuita
1425 3269 1632 3340 remissione
1651 3281 1896 3362 peccatorum,
1923 3273 1967 3340 de
1985 3295 2112 3341 recon-

83 3368 170 3464 quia
186 3367 455 3458 sintpraecepta
472 3366 646 3435 virtutum
659 3367 822 3436 omnium
836 3364 1014 3449 civilium,
1039 3377 1074 3434 et
1125 3369 1322 3455 ciliatione,
1361 3372 1406 3440 de
1438 3371 1544 3441 bonis
1569 3372 1722 3442 aeternis
1747 3397 1850 3442 nosse
1877 3385 1910 3444 et
1937 3373 2112 3464 amplecti,

83 3469 368 3540 adseverationes
385 3470 430 3536 de
445 3467 667 3560 providentia
682 3490 723 3537 ac
736 3469 780 3536 de
794 3468 991 3558 praesentia
1005 3465 1073 3537 Dei
1125 3497 1215 3566 quae
1229 3473 1298 3544 fuit
1312 3472 1431 3563 ignota
1446 3475 1624 3543 mentibus
1640 3469 1816 3560 humanis,
1842 3477 1902 3543 sed
1920 3499 1983 3566 per
1998 3476 2110 3545 filium

84 3575 122 3642 in
146 3593 274 3661 genere
298 3565 475 3652 hnmano,
504 3569 548 3638 de
569 3569 694 3662 poenis
714 3569 963 3638 sceleratorum
982 3570 1074 3640 etde
1126 3599 1167 3643 ex
1190 3573 1272 3643 sinu
1293 3575 1426 3644 aeterni
1449 3577 1559 3667 patris
1577 3577 1711 3666 prolata
1729 3590 1788 3648 est.
1841 3573 2015 3646 Fortassis
2027 3573 2111 3646 haec
2160 3651 2167 3660 ,

83 3671 358 3744 liberationibus
390 3671 584 3755 iustorum,
619 3686 654 3742 et
679 3665 743 3740 has
768 3671 861 3764 ipsas
886 3669 1074 3740 conciones
1126 3669 1319 3744 Politicnc
1356 3676 1570 3746 videbantur
1610 3701 1682 3746 esse
1723 3677 1925 3748 barbaricae
1961 3679 2113 3752 fabulae.

83 3777 279 3846 illustratas
301 3795 375 3844 esse
400 3773 476 3844 eius
498 3774 611 3862 gentis
626 3768 795 3846 historiis.
846 3749 1073 3844 Multaenim
1126 3775 1197 3850 Sed
1231 3799 1297 3845 nos
1329 3775 1457 3846 scimus
1482 3773 1659 3847 Ecclesiae
1690 3779 1889 3849 doctrinam
1915 3779 2114 3850 illustribus

84 3901 159 3948 esse
181 3876 232 3946 ait
246 3869 395 3968 pulchra
409 3875 544 3944 lumina
558 3875 769 3966 figurarum,
795 3897 946 3968 quarum
961 3875 1075 3944 maior
1126 3878 1339 3950 testimoniis
1360 3877 1471 3950 aDeo
1495 3880 1681 3962 traditam,
1712 3881 1953 3952 confirmatam
1973 3896 2005 3951 et
2022 3905 2113 3951 sem-

84 3981 152 4050 fuit
169 3977 282 4068 gratia
300 3978 339 4046 in
354 3999 418 4047 sua
432 3977 571 4066 lingua3
598 3979 718 4046 forsan
733 3992 767 4049 et
783 3975 966 4048 accessisse
987 3976 1073 4046 olim
1126 4005 1190 4073 per
1209 3994 1448 4050 conservatam
1469 4003 1559 4050 esse:
1600 3997 1633 4053 et
1656 3979 1827 4053 habemus
1848 3985 1886 4052 in
1912 3985 2113 4074 pectoribus

85 4083 209 4153 dulces
241 4075 446 4149 harmonias
480 4072 562 4148 huic
588 4079 753 4168 gravitati
778 4078 1075 4169 praeceptionum,
1126 4081 1257 4153 nostris
1286 4095 1377 4152 certa
1404 4083 1621 4168 testimonia,
1662 4109 1752 4178 quae
1775 4086 2021 4154 adsensionem
2047 4109 2114 4155 no-

85 4181 241 4279 quereiis
273 4193 309 4251 et
342 4179 644 4250 consolationibus
678 4181 938 4258 convenientes,
1003 4177 1073 4252 Sed
1128 4195 1235 4252 stram
1264 4184 1485 4256 confirmant.
1550 4184 1641 4256 Cum
1668 4187 1779 4275 igitur
1801 4187 1841 4254 in
1860 4185 2009 4256 Psalmis
2033 4213 2113 4256 vera

85 4302 207 4356 tamen
230 4277 476 4361 haecomnia,
503 4281 639 4375 inquit,
664 4281 825 4352 dulciora
845 4281 982 4352 suntin
998 4306 1074 4352 ear·
1127 4283 1313 4375 Evangelii
1345 4311 1413 4355 vox
1443 4301 1544 4357 sonet
1568 4289 1612 4356 de
1636 4287 1709 4356 fitio
1731 4284 1799 4356 Dei
1821 4289 1968 4357 domino
1993 4303 2115 4360 nostro

84 4388 185 4456 mine
201 4383 405 4455 Pindarico.
456 4380 631 4453 Existimo
656 4399 774 4462 autem
798 4384 965 4454 omnibus
987 4397 1075 4455 tem·
1129 4383 1386 4466 lesquristc,
1421 4387 1598 4457 imorum
1625 4385 1920 4480 ipsefiliusDei,
1954 4385 2036 4462 ὅλό
2064 4417 2113 4476 ος,

87 4489 238 4580 poribus
261 4485 311 4556 sic
333 4485 507 4554 iudicasse
530 4485 661 4556 multos
682 4487 805 4556 doctos
826 4486 941 4570 viros,
973 4485 1076 4575 igno-
1128 4511 1193 4556 nos
1215 4512 1300 4556 voce
1322 4484 1472 4557 Davidis
1494 4489 1713 4582 alloquatur,
1738 4491 1924 4560 audiamus
1947 4485 2011 4560 has
2032 4415 2115 4562 bar-

87 4604 208 4661 rantes
225 4587 416 4658 discrimen
424 4583 602 4658 Ecclesiae
611 4587 677 4657 Dei
693 4601 728 4657 et
740 4587 891 4658 aliarum
907 4588 1077 4676 gentium,
1128 4583 1265 4660 monins
1281 4585 1450 4674 Davidis,
1482 4603 1515 4660 et
1533 4591 1702 4676 sciamus,
1730 4593 1909 4664 infinitum
1926 4594 2115 4665 discrimen

88 4707 120 4764 et
147 4689 354 4760 discrimina
376 4689 618 4758 doctrinarum
641 4687 747 4777 legis,
778 4687 987 4778 sapientiae,
1019 4711 1077 4756 ra·
1128 4711 1202 4758 esse
1222 4690 1316 4760 inter
1338 4687 1399 4760 bas
1423 4693 1508 4762 odas
1531 4707 1564 4763 et
1585 4691 1803 4765 Pindaricae.
1861 4693 1987 4766 Statim
2012 4699 2114 4768 initio

87 4795 198 4866 tionis
231 4787 488 4880 etEvangelii.
554 4787 785 4861 Manifestum
813 4804 864 4860 est
888 4791 1001 4874 enim,
1039 4787 1076 4858 in
1128 4791 1361 4884 praecipitur:
1385 4795 1594 4864 osculamini
1614 4797 1744 4882 filium3
1773 4811 1806 4866 et
1822 4798 2004 4868 adduntur
2019 4823 2115 4870 ccm-

87 4894 282 4966 Pindarico
303 4893 459 4964 carmine
475 4892 627 4962 subinde
641 4892 753 4985 repeti
769 4891 1078 4963 commonefactio-
1131 4893 1278 4964 minatio
1300 4907 1336 4964 et
1355 4897 1557 4987 promissio.
1608 4893 1783 4967 Adfirmat
1807 4901 2026 4988 perditurum
2043 4925 2116 4972 esse

89 5023 150 5070 nes
177 4999 222 5068 de
242 4993 468 5088 providentia
492 4993 578 5076 Dei,
616 5007 801 5086 praecepta
826 4996 870 5063 de
894 4994 1077 5066 retinenda
1130 5017 1200 5080 ecs,
1219 4995 1282 5088 qui
1298 4995 1414 5087 ipsum
1430 5011 1675 5079 contemnunt,
1698 5014 1734 5070 at
1750 4999 1865 5070 salvos
1877 5003 1954 5071 fore
1970 5028 2038 5088 eos,
2054 5009 2117 5098 qui
2193 4996 2194 4999 ¹

89 5099 224 5172 iustitia
238 5111 273 5169 et
286 5098 331 5166 de
344 5097 534 5180 modestia,
561 5109 595 5166 et
609 5095 899 5166 comminationes
913 5110 948 5166 et
962 5119 1079 5165 exem·
1129 5111 1334 5169 reverenter
1366 5123 1447 5168 enm
1477 5113 1666 5188 agnoscent
1692 5116 1727 5172 et
1752 5103 1919 5172 beneficia
1947 5106 2021 5174 eius
2049 5107 2116 5178 iide

90 5203 148 5294 pla
171 5203 216 5272 de
236 5200 363 5292 poenis
390 5198 616 5272 iniustorum.
675 5196 868 5286 Quomodo
897 5197 1080 5268 venustius
1129 5199 1312 5291 accipient.
1371 5197 1468 5269 Haec
1489 5225 1572 5270 vera
1597 5215 1631 5274 et
1651 5224 1726 5273 non
1748 5205 1908 5275 fabulosa
1933 5229 2006 5276 esse
2022 5231 2117 5280 nunc

91 5303 190 5395 pingi
213 5303 330 5392 imago
351 5294 510 5370 hominis
534 5299 616 5372 elati
631 5299 768 5390 magnis
782 5299 998 5370 successibus
1015 5321 1080 5390 po·
1129 5325 1271 5394 quoque
1291 5313 1426 5370 norunt
1450 5297 1509 5388 hi,
1546 5304 1610 5397 qui
1631 5307 1896 5393 adsentiuntur,
1937 5323 1970 5378 et
1999 5325 2117 5399 postea

92 5408 177 5489 tuit,
210 5404 276 5502 qui
291 5401 421 5474 deinde
435 5403 667 5476 immoderata
684 5402 878 5496 cupiditate
892 5415 1012 5476 movet
1025 5423 1080 5472 res
1127 5404 1293 5475 ostendet
1304 5415 1471 5490 eventus,
1498 5427 1578 5475 cum
1595 5407 1688 5478 filius
1704 5405 1771 5479 Dei
1786 5409 1971 5480 manifesto
1991 5411 2118 5482 trium-

1470 5499 1559 5579 22*
