4682 5822
230 259 305 336 451

234 430 391 506 ostendit
422 453 460 500 se
490 428 663 524 victorem
695 452 770 502 esse
802 432 926 504 mortis
956 446 992 506 et
1017 433 1225 506 inleromm.

234 533 344 609 Anno
361 527 472 606 1555.

744 630 936 729 Philippus
951 631 1175 710 Melanthon.

249 1005 319 1081 No.
335 1001 452 1082 5759.

244 1105 458 1142 Μ

502 1203 653 1294 Ioocle.
681 1201 960 1294 camerario.

310 1365 400 1440 Epist.
411 1365 455 1424 ad.
468 1365 576 1424 Camer.
594 1386 621 1439 p.
630 1367 692 1422 689.
707 1367 765 1436 (ed.
778 1363 865 1422 laod.
882 1364 928 1424 lib.
937 1363 987 1422 tv.
1004 1384 1048 1440 ep.
1060 1363 1145 1434 850).

1063 1017 1120 1082 30.
1138 1007 1228 1077 Mart.

1050 1101 1222 1130 Μ

242 1529 467 1613 Clarissimo
493 1539 571 1610 viro
596 1531 799 1608 eruditione
821 1546 853 1608 et
874 1535 1005 1609 virtute
1022 1539 1234 1637 praestanti

377 1637 408 1712 I
411 1635 538 1712 oaclr.
572 1633 713 1723 Cam,
737 1638 867 1740 fratri
888 1664 956 1712 suo
984 1643 1112 1714 cariss.

238 1774 294 1861 S·
319 1787 365 1862 D.
416 1786 511 1864 Ante
525 1793 686 1864 triduum
702 1792 752 1862 sic
770 1791 941 1864 intumuit
949 1789 1068 1876 Albis,
1083 1809 1124 1866 ut
1140 1795 1231 1866 ellu-

242 1913 302 1962 sus
326 1893 431 1963 sitin
452 1895 565 1987 ripam
590 1895 767 1987 usquead
791 1887 1027 1990 Epicratem,
1064 1921 1127 1967 nec
1153 1898 1230 1967 sine

243 1994 402 2084 periculo
425 2019 548 2066 currus
572 2020 637 2088 per
659 2019 766 2088 aquas
790 1991 883 2065 trahi
897 2011 1075 2088 poterant:
1098 1995 1229 2070 Census

244 2093 353 2182 igitur
373 2095 459 2168 inde
479 2121 561 2170 mox
584 2097 813 2168 remittendos
836 2121 909 2168 esse
926 2099 970 2167 ad
984 2100 1141 2170 vicinum
1164 2125 1230 2192 op-

243 2193 379 2287 pidum.
421 2193 499 2268 Oro
517 2212 632 2269 antem
649 2198 762 2267 lilium
776 2195 844 2268 Dei
858 2200 1036 2270 custodem
1052 2195 1230 2272 Ecclesiae

245 2319 345 2382 suae,
370 2313 405 2370 et
419 2313 460 2370 ut
479 2299 592 2370 lilium
608 2291 827 2397 Philippum
851 2302 981 2374 advos
1005 2304 1149 2374 reducat
1172 2304 1230 2372 in-

245 2399 436 2487 columem,
462 2415 496 2473 et
518 2415 657 2474 nostras
676 2397 850 2473 Ecclesias
874 2403 1082 2476 domesticas
1106 2417 1139 2475 et
1160 2429 1229 2498 pu-

243 2499 354 2572 blicas
371 2516 498 2578 servet.
867 2503 869 2508 ’

347 2617 391 2691 ln
417 2621 549 2711 oppido
574 2635 696 2692 nostro
730 2645 749 2690 e
772 2621 915 2712 regione
946 2624 1088 2694 aedium
1111 2619 1229 2696 Seba-

247 2715 416 2790 hastiaai
433 2721 597 2814 Collegae
628 2723 761 2810 nostri,
798 2725 937 2794 officina
961 2723 1071 2796 Fabri
1102 2730 1230 2797 aerarii

245 2821 389 2892 incensa
408 2824 476 2895 fuit
494 2841 576 2895 ante
592 2825 838 2917 quatriduum,
870 2849 936 2895 nec
956 2839 1074 2896 tamen
1097 2830 1230 2899 confla-

246 2926 360 3013 gravit
383 2939 457 2996 tota
479 2927 711 3010 domuncula,
736 2951 777 2996 ex
805 2950 872 3018 qua
895 2952 999 3019 saepe
1014 2929 1106 3014 vidi,
1132 2932 1230 3002 velut

247 3048 288 3094 ex
305 3021 422 3096 Aetna
444 3027 523 3097 eiici
547 3029 670 3118 globos
688 3028 845 3118 ignium,
869 3044 902 3099 et
916 3031 1036 3120 optavi
1051 3031 1229 3102 officinam

246 3126 318 3196 alio
336 3129 374 3197 in
390 3125 467 3198 loco
486 3153 569 3202 esse.
614 3121 1001 3226 Casparem‘generum
1016 3134 1130 3220 cogito
1145 3159 1230 3226 pro·

245 3241 326 3320 pter
353 3229 488 3300 litteras
511 3223 688 3300 Palatini
718 3245 881 3302 vocatum
907 3255 991 3306 esse.
1049 3231 1120 3305 Sed
1147 3261 1230 3306 mox

144 3333 146 3336 ’
246 3331 314 3400 tibi
329 3330 534 3418 significabo
550 3345 669 3400 nostra
684 3333 823 3418 omnia,
850 3357 929 3404 cum
951 3335 1097 3404 domum
1113 3339 1230 3407 redie-

245 3457 298 3506 ro.
350 3429 448 3502 Haec
466 3433 568 3502 ‘enirn
590 3433 705 3502 scribo
729 3434 766 3502 in
792 3432 962 3528 Caupona
985 3431 1231 3536 Ephratea*),

246 3557 326 3602 cum
355 3522 498 3628 qrridem
533 3535 705 3624 aspiciens
734 3532 1009 3624 fluctussAlbis,
1042 3541 1153 3612 multa
1185 3543 1230 3610 de

245 3637 494 3707 communibus
517 3637 683 3730 periculis
710 3638 918 3728 cogitarem,
949 3664 1040 3733 quae
1061 3655 1101 3712 ut
1120 3641 1231 3713 leniat
1301 3691 1309 3706 .

244 3723 338 3806 lilius
354 3735 442 3822 Dei,
465 3751 540 3809 toto
556 3764 636 3808 eum
658 3751 799 3830 pectore
812 3766 887 3812 oro.
937 3739 1035 3814 Bene
1060 3757 1095 3814 et
1118 3744 1231 3814 felici-

244 3851 298 3908 ter
314 3837 408 3924 vale,
436 3836 499 3914 lll.
515 3837 661 3915 Calend.
676 3835 823 3931 Aprilis.

892 3939 987 4018 Phil.
1002 3939 1178 4018 Melanth.

241 4165 520 4180 *nnn—muana..-
897 4169 984 4178 ...ι-..-
1091 4169 1228 4180 --ο--ι-

241 4309 308 4386 Νο.
321 4309 436 4389 5760.

238 4408 410 4442 Μ

506 4515 569 4602 Α.
600 4515 958 4638 Hardenberpio.

306 4675 620 4752 app-sansana,
635 4677 731 4748 esso.

352 4846 356 4854 “
401 4831 456 4912 D.
482 4828 1049 4930 Alberto'Hardedergio.

232 4965 280 5056 S.
304 4977 349 5052 D.
401 4981 610 5056 Reverendo
627 4985 682 5054 vir
696 4998 730 5054 et
744 4981 923 5054 carissime
938 4983 1058 5054 trater.
1091 4979 1217 5054 Mense

231 5079 434 5180 Martio”)
452 5087 521 5157 fuit
536 5100 732 5158 conventus
753 5085 792 5156 in
812 5085 902 5156 urbe
922 5082 968 5160 ad
987 5081 1107 5158 Salam
1118 5081 1216 5154 Nao-

1064 4327 1122 4388 81.
1138 4318 1227 4384 Mars.

1056 4410 1226 4439 m

233 5249 461 5274 buu—uua·-

258 5345 287 5411 ⁰l
307 5343 386 5398 Prata
399 5361 485 5417 prope
499 5339 615 5398 waes.

216 5421 591 5502 'tabennense
668 5419 671 5424 ¹

810 243 1246 336 EPISTOLARUM
1297 259 1514 341 nlnxn.
1566 255 1699 344 1555.

1219 2000 1228 2016 ·
1281 1969 1322 2026 ut
1343 1958 1387 2026 de
1410 1981 1452 2026 eo
1473 1957 1614 2046 cogites.

2197 261 2275 338 452

1275 433 1407 526 burga,
1430 431 1470 504 in
1491 459 1563 528 quo
1586 435 1705 507 Due'es
1726 433 1900 508 Saxonia'e
1917 461 2058 520 omnes,
2084 431 2274 508 Marcbio-

1277 559 1339 604 nes
1372 533 1753 628 Brandenburgenses,
1792 552 1828 609 et
1856 538 2075 630 Landgravii
2110 537 2274 608 Hessiaci

1277 637 1447 708 beneficio
1462 639 1585 708 divino
1600 633 1877 710 haereditarium
1897 642 2023 712 loedus
2037 654 2274 726 renovarunt,

1277 736 1326 809 Et
1348 740 1569 812 existimatur
1588 737 1673 812 haee
1695 742 1900 812 coniunctio
1927 746 1972 812 ad
1994 767 2116 834 pacem
2141 737 2274 812 harum

1278 839 1481 929 Regionum
1506 845 1691 935 profutura
1717 867 1802 918 esse.
1853 843 1971 916 Simul
2004 846 2111 916 etiarn
2146 866 2273 914 omncs

1281 944 1529 1029 decreverunt,
1562 967 1598 1014 se
1619 943 1696 1018 Deo
1719 945 1863 1016 iuvante
1885 961 2085 1017 retenturos
2108 969 2185 1016 esse
2208 947 2276 1012 do-

1280 1043 1431 1114 ctrinam
1448 1046 1678 1116 consessionis
1695 1043 1942 1137 Augustanae,
1968 1061 2002 1118 et
2017 1071 2091 1116 non
2106 1059 2277 1136 receptu-

1281 1167 1340 1215 ros
1354 1147 1571 1237 corruptelas
1583 1148 1790 1240 papisticas,
1806 1161 1867 1218 ant
1882 1149 1980 1222 alias.
2009 1147 2107 1218 Haec
2120 1147 2277 1218 consilia

1283 1246 1377 1317 Deus
1400 1249 1557 1322 adiuvet.
1607 1247 1694 1319 Tibi
1716 1274 1819 1342 spero
1839 1245 1933 1319 hanc
1953 1251 2198 1320 narrationem
2217 1249 2278 1316 iu-

1282 1349 1434 1418 cundam
1448 1351 1536 1440 lore.
1562 1343 1652 1436 Oro,
1669 1363 1712 1422 ut
1726 1353 1775 1420 sis
1789 1375 1926 1422 memor
1939 1347 2102 1420 Ioannis
2116 1345 2280 1420 Reineri

1282 1444 1610 1540 Oldenburgensis,
1634 1453 1698 1545 qui
1713 1466 1830 1542 posset
1845 1453 2015 1523 assensui
2034 1455 2090 1524 vel
2107 1454 2145 1522 in
2161 1449 2273 1536 Aula,

1282 1551 1340 1620 vel
1361 1551 1401 1620 in
1423 1549 1522 1623 Urbe
1544 1553 1684 1645 aliqua,
1715 1553 1865 1648 Syndiei
1887 1555 2017 1628 ollicio.
2070 1553 2137 1624 Vir
2159 1549 2276 1624 bone-

1282 1666 1358 1722 stus
1374 1667 1425 1724 est
1441 1667 1475 1722 et
1489 1655 1686 1740 modestus,
1709 1669 1743 1726 et
1760 1667 1904 1746 propter
1918 1655 2146 1746 prudentiam
2160 1671 2194 1725 et
2213 1679 2276 1724 co-

1282 1754 1479 1842 gnitionem
1506 1751 1599 1826 luris
1629 1756 1766 1826 utiliter
1797 1757 1837 1826 in
1870 1757 1934 1826 tali
1965 1781 2113 1827 munere
2138 1756 2276 1826 versari

1282 1867 1408 1946 potest.
1448 1853 1560 1926 Filios
1575 1871 1648 1929 tres
1665 1851 1772 1932 habet
1786 1871 1821 1928 et
1836 1883 1945 1928 unam
1964 1859 2086 1932 liliam.
2127 1858 2274 1948 Quaeso

1673 1955 1772 2030 Bene
1798 1973 1833 2033 et
1856 1959 2007 2032 leliciter
2024 1959 2113 2035 vale.
2173 1957 2275 2032 Prid.

1280 2053 1356 2133 Cal.
1372 2052 1461 2150 Ape.
1478 2055 1587 2135 15⁵5.

2019 2217 2223 2318 Philippus.

1280 2653 1349 2726 No.
1360 2651 1473 2730 5761.

1285 2768 1524 2798 suo—m-

2125 2671 2160 2732 1.
2175 2663 2255 2746 Ape.

2094 2771 2269 2800 Μ

1501 2880 1746 2976 Testimott.
1776 2893 1834 2978 cte
1868 2887 2042 2976 Ursino.

1347 3069 1368 3132 †
1386 3065 1424 3119 Er
1436 3081 1531 3138 apogr.
1541 3064 1571 3120 ia
1582 3063 1646 3123 cod.
1658 3043 1746 3118 Pis..
1762 3059 1799 3118 D.
1813 3063 1844 3119 1..
1857 3061 1892 3117 51
1898 3063 1918 3115 ³.

1281 3233 1459 3308 Desertus
1495 3225 1661 3326 Collegit
1693 3227 1955 3332 Philosophia·
1992 3233 2032 3306 in
2067 3231 2269 3308 Academia

1289 3327 2270 3434 Wctebergeasi,CasparGailltelmas‘)salu-

1390 3449 1458 3511 tem
1477 3435 1565 3509 dicit
1583 3435 1752 3510 omnibus
1767 3435 1913 3508 lecturis
1927 3431 2000 3508 has
2016 3435 2157 3510 literas.

1281 3576 1366 3659 Etsi
1391 3591 1428 3658 in
1454 3611 1581 3678 genere
1604 3579 1762 3657 hnmano
1784 3609 1930 3676 magnae
1955 3601 1989 3658 et
2009 3589 2127 3659 tristes
2142 3592 2270 3660 confu-

1281 3714 1399 3760 siones
1416 3703 1517 3774 sunt,
1541 3702 1659 3759 tamen
1676 3687 1910 3758 certissimum
1927 3702 1997 3774 est,
2021 3687 2137 3758 Deum
2154 3706 2271 3762 aeter·
2333 3745 2334 3784 ,

1281 3817 1368 3862 num
1394 3805 1528 3882 patrem
1549 3789 1688 3860 domini
1712 3789 1826 3859 nostri
1849 3791 1925 3860 lesu
1946 3785 2103 3876 Christi,
2128 3807 2271 3864 creato-

1280 3917 1355 3962 rem
1380 3893 1542 3962 omnium
1564 3887 1684 3961 rerum
1707 3889 1872 3980 colligere
1894 3891 1963 3962 sibi
1993 3915 2035 3962 ex
2055 3885 2270 3966 bominibus

1280 3991 1493 4078 Ecclesiam,
1518 3991 1576 4062 cui
1596 3992 1636 4060 in
1652 4004 1723 4062 tota
1744 3991 1949 4062 aeternitate
1963 4015 2000 4062 se
2016 3995 2268 4070 eommunicet.

1279 4096 1352 4168 Nec
1368 4121 1449 4166 casu
1464 4119 1504 4164 ex
1521 4091 1717 4164 Democriti
1732 4092 1859 4162 atomis
1880 4094 1956 4163 nati
1980 4117 2103 4164 sumus
2125 4110 2268 4166 tantum

1280 4201 1324 4268 ad
1345 4193 1454 4270 huius
1471 4197 1566 4266 vitae
1586 4217 1783 4267 aerumnas.
1844 4192 2035 4285 Colligitur
2055 4211 2176 4268 antem
2195 4194 2269 4268 Ec-

1279 4300 1383 4370 etesia
1399 4311 1541 4369 aeterna
1555 4293 1743 4385 Evangelii
1756 4316 1857 4381 voce,
1873 4309 1907 4366 et
1922 4319 1998 4367 non
2011 4297 2130 4389 aliter,
2157 4325 2267 4392 quam

1279 4401 1370 4471 filius
1386 4398 1474 4482 Dei,
1498 4399 1558 4492 qui
1575 4411 1627 4468 est
1640 4391 1748 4497 λόγος
1762 4398 1896 4468 aeterni
1916 4397 2046 4490 patris,
2072 4423 2113 4470 ex
2132 4425 2265 4470 arcano

1278 4503 1426 4574 consilio
1443 4500 1640 4570 divinitatis
1651 4497 1817 4591 protulit,
1831 4513 1865 4569 et
1881 4501 1969 4570 adeo
1984 4501 2108 4570 salutis
2120 4516 2264 4572 nostrae

1276 4629 1397 4676 amans
1412 4618 1481 4687 est,
1507 4617 1545 4673 ut
1560 4601 1673 4684 dicat,
1698 4623 1734 4670 se
1749 4600 1872 4670 indere
1887 4601 1925 4670 io
1942 4601 2030 4671 orbe
2045 4616 2079 4672 et
2091 4603 2262 4674 delectari

1275 4705 1531 4776 consuetudine
1553 4700 1758 4787 horisiuum,
1783 4701 1872 4772 sicut
1894 4703 1933 4771 in
1954 4702 2147 4773 Salomone
2173 4708 2262 4774 scri-

1273 4821 1371 4898 ptum
1390 4821 1452 4879 est.
1489 4803 1599 4876 Ludit
1613 4819 1732 4874 ¹sunem
1747 4804 1921 4884 mirandis¹
1934 4805 2161 4894 spectaculis,
2185 4831 2261 4876 ser-

1152 4935 1155 4944 ·
1272 4922 1330 4978 vat
1339 4905 1536 4979 Ecclesiam
1555 4905 1764 4990 indiluvio,
1789 4906 1829 4973 in
1844 4905 1935 4973 mari
1951 4907 2081 4987 rubro,
2108 4920 2143 4976 et
2164 4909 2261 4979 inter

1270 5012 1409 5080 assidua
1439 5009 1629 5080 certamina
1656 5021 1691 5080 et
1715 5029 1801 5078 voce
1823 5002 2011 5098 Evangelii
2041 5021 2093 5078 est
2124 5009 2260 5096 efficax,

1270 5177 1490 5198 ..μιν-ιω·

1298 5281 1466 5355 *turigini
1489 5277 1656 5402 adscrxippnm
1678 5285 1737 5333 ests
1768 5273 1819 5332 Pb.
1839 5271 1930 5338 odric.
1973 5273 2131 5333 Secundum
2152 5281 2254 5350 scripta

1352 5351 1441 5406 ablica
1457 5348 1544 5406 aad.
1612 5347 1675 5402 iteb.
1688 5347 1721 5406 Τ.
1734 5347 1771 5402 ll.
1787 5348 1897 5415 Caesar
1912 5346 2091 5402 armemus
2104 5347 2250 5420 llalleneir,

1330 5371 1383 5476 luit
1396 5419 1525 5476 Decorus
1536 5416 1644 5490 collegii
1658 5415 1881 5490 philosophialis
1894 5415 1992 5502 meme
2007 5417 2086 5477 1555.
