4682 5822
629 149 1061 284 urtsron‘snuu
1113 203 1328 286 mant
1381 204 1513 290 ross.

62 212 139 290 55³
2017 203 2104 290 554

64 377 256 462 humanus.
307 375 403 468 Quid
422 369 509 450 haec
525 375 569 446 ad
585 373 690 446 Pauli
704 375 858 449 dictum:
885 367 1061 446 Credeati
1111 381 1188 444 ὐαα
1203 369 1401 448 reunitum
1415 380 1447 446 ct
1461 370 1691 472 perspicuam
1709 370 1821 472 legem
1838 395 1915 448 essa
1931 385 2103 474 oportere,

56 477 158 578 fides
191 479 396 577 imputatur
421 471 478 546 αδ
500 473 712 548 iustitium?
774 477 957 548 Funclcius
982 500 1056 548 uon
1110 469 1159 546 Et
1183 473 1282 546 Plato
1305 475 1508 550 dulcissime
1532 476 1650 576 inquit
1671 478 1711 546 in
1733 493 1857 572 quarto
1881 480 1925 548 de
1947 479 2099 570 legibus:

63 585 186 656 miuus
208 583 328 672 inepte
353 594 537 650 mutuatur
561 580 804 660 definitionem
830 605 850 652 a
876 576 1053 650 luriacou-
1110 572 1156 648 ου’
1177 569 1249 648 δύο
1270 571 1354 672 περὶ
1379 571 1481 662 ἑνὸς,
1516 573 1608 650 ἀλλὰ
1630 573 1697 652 tart
1724 576 1806 674 περὶ
1827 575 1927 666 ἑνὸς,
1961 575 2103 654 deidei

64 688 187 768 sultis,
214 699 253 756 ut
270 681 478 754 Malvenda.
527 678 643 754 Error
656 695 774 754 autem
790 681 829 752 in
849 681 1055 752 definitione
1107 671 1222 776 λόγον
1242 671 1536 774 ἀποφαίνεσθαι.
1586 677 1637 752 Ει
1657 681 1841 754 notissima
1865 683 1910 752 sit
1933 683 2100 756 omuibus

63 789 147 858 lons
171 802 224 858 est
244 785 373 856 deinde
396 783 590 854 multorum
617 807 791 858 errorum.
843 781 915 856 Ubi
937 795 1054 852 autem
1108 779 1307 850 admonitio
1322 778 1532 874 Syracidae,
1557 781 1620 874 qui
1642 783 1713 868 ait,
1737 781 1813 854 Deo
1837 797 1870 854 et
1891 777 2099 856 hominibus

63 892 165 960 locus
188 889 234 958 sit
255 886 457 956 forensibus
479 883 765 968 definitionibus,
795 884 1056 954 cumvidelicet
1108 881 1281 971 ingratam
1307 903 1380 950 esse
1401 877 1645 974 sophisticam:
1680 878 1781 956 ἐστὶν
1798 878 2041 978 σοφιζόμενος
2057 885 2099 958 ἐν

61 993 107 1062 de
124 990 287 1060 doctrina
306 975 453 1077 operum
468 986 610 1073 dicitur,
635 986 671 1056 id
687 987 727 1056 iu
739 983 908 1057 Ecclesiis
924 985 1055 1056 nostris
1107 976 1229 1107 λάροις
1252 977 1423 1078 μισητὸς,
1462 979 1532 1056 οὐκ
1559 977 1678 1081 ἐδόθη
1707 983 1813 1082 αὐτῷ
1838 981 1940 1082 παρὰ
1962 981 2097 1084 κυρίου

59 1094 246 1186 perspicue
266 1089 469 1181 explicatur.
1102 1109 1223 1180 χαρις.

167 1193 305 1263 Deinde
330 1189 416 1284 quid
440 1207 539 1258 mens
561 1188 804 1281 perterrefacta
820 1187 971 1274 iudicat,
997 1211 1054 1258 re·
1208 1185 1305 1256 llaec
1321 1186 1365 1255 de
1379 1185 1553 1276 ambiguis
1569 1185 1698 1257 dixisse
1717 1187 1800 1260 satis
1817 1187 1874 1272 sit,
1899 1213 1939 1258 ac
1953 1201 2098 1282 propter

62 1320 193 1366 rumne
213 1319 260 1364 an
278 1293 466 1362 verborum
484 1291 738 1360 dissensionem
755 1313 848 1375 esse,
873 1307 952 1360 cum
969 1290 1054 1359 dicit
1106 1285 1256 1377 gloriam
1278 1285 1365 1373 Dei,
1399 1301 1434 1358 et
1461 1301 1607 1380 propter
1635 1291 1782 1360 salutem
1810 1289 2029 1376 animarum,
2062 1303 2097 1362 et

61 1423 132 1466 vox
155 1395 359 1484 Evangelii:
396 1387 469 1462 Per
496 1387 786 1462 miscricordiam
810 1399 957 1488 propter
971 1384 1057 1483 filii
1107 1389 1286 1480 publicam
1311 1385 1490 1458 Ecclesiae
1519 1391 1763 1475 concordiam,
1800 1391 1976 1461 discamus
2004 1405 2097 1462 recte

59 1493 307 1569 obedientium
325 1492 416 1564 iusti
429 1518 556 1566 sumus
574 1517 697 1564 corum
713 1490 824 1564 Deo?
875 1489 1054 1564 Osiander
1107 1491 1305 1580 intelligere
1328 1511 1530 1561 sermonem
1552 1492 1734 1574 divinum,
1762 1505 1796 1562 et
1818 1517 1920 1580 eum,
1942 1495 2097 1568 btdecet

62 1602 201 1694 inquit,
236 1599 319 1668 iusti
341 1621 462 1666 sumus
484 1611 627 1688 propter
648 1595 817 1666 iustitiam
833 1595 1051 1666 essentialem
1106 1593 1381 1684 legatos,'bona
1407 1593 1495 1675 lide,
1530 1593 1715 1685 perspicuo
1747 1616 1874 1682 genere
1909 1597 2095 1676 orationis,

62 1705 194 1796 patris,
220 1700 304 1785 filii,
330 1713 364 1769 et
380 1697 537 1788 Spiritus
560 1698 682 1768 sancti.
742 1695 846 1768 ltem:
879 1695 971 1768 Cum
995 1697 1053 1764 in·
1106 1693 1183 1762 siue
1205 1694 1434 1784 corruptelis,
1461 1694 1536 1764 siue
1553 1695 1779 1786 imposturis,
1805 1709 1840 1766 et
1853 1696 1930 1765 sine
1946 1697 2096 1788 praesti·

62 1817 297 1896 terpretatur,
328 1801 506 1870 iustificati
529 1797 717 1890 sanguine,
752 1799 886 1886 idest,
919 1797 1054 1868 divini·
1103 1793 1172 1884 'giis
1187 1791 1362 1864 Ecclesiae
1380 1819 1631 1886 proponamus.
1668 1793 1716 1866 Et
1735 1799 1778 1866 ad
1798 1791 1894 1868 hunc
1913 1797 2095 1868 difficilem

63 1923 151 1980 tate.
200 1903 333 1974 Notum
350 1903 533 1986 estunam,
558 1903 730 1994 quosdam
747 1914 839 1972 terra
857 1915 891 1974 et
907 1893 1053 1994 δύσφη-
1106 1897 1263 1966 laborem
1297 1896 1530 1987 adiungamus
1557 1897 1732 1968 assiduam
1759 1912 1793 1968 et
1818 1902 2000 1969 ardentem
2027 1895 2096 1968 Dei

60 2033 115 2100 μοι
134 2005 264 2076 dixisse
282 2008 324 2074 tle
338 2005 508 2094 sauguine
522 1999 675 2088 Christi,
700 2025 789 2096 quos
807 2003 927 2095 puniri
946 2026 1051 2094 opor-

63 2113 142 2194 tuit,
170 2125 202 2176 et
220 2120 361 2198 propter
374 2107 523 2194 gloriam
540 2101 683 2190 Christi,
709 2119 744 2175 et
760 2105 909 2196 exentpli
923 2125 1051 2175 caussa.

166 2211 236 2280 Sed
260 2212 303 2278 cle
325 2207 499 2296 ambiguis
515 2208 682 2280 dicamus.
734 2201 883 2275 Etiamsi
901 2205 940 2272 in
957 2229 1052 2274 corn-

62 2313 163 2382 muni
187 2334 348 2380 sermone
372 2311 537 2396 ambigua
561 2308 671 2378 ntulta
691 2306 1052 2387 exciduntomuibus,

63 2431 183 2485 tamen
219 2410 411 2481 necessaria
439 2436 522 2480 cura
549 2422 600 2480 est
624 2410 663 2478 in
690 2410 914 2498 dogmatibus
941 2408 1051 2476 vitare

63 2517 250 2605 ambigua,
277 2513 457 2595 insidiosa,
484 2526 519 2580 et
536 2511 691 2603 paritura
709 2511 895 2580 dissimiles
910 2509 1049 2599 opinio-

62 2641 146 2703 nes,
181 2629 216 2686 et
239 2613 444 2688 discordias.
495 2613 576 2682 Non
600 2626 651 2682 est
675 2612 772 2682 cuim
793 2615 919 2682 docere
934 2608 1051 2680 homi-

63 2744 143 2801 nes,
170 2741 333 2808 spargere
352 2717 443 2786 dicta
461 2715 659 2807 llexiloqua‚
684 2716 745 2782 sed
765 2737 879 2784 serere
895 2712 1052 2798 dissidia,

62 2837 94 2892 et
109 2836 280 2912 tanquam
295 2821 415 2911 μῆλον
431 2811 551 2906 ἔριδος
566 2815 789 2885 auditoribus
804 2815 968 2889 obiicere.

42 2939 48 2946 “
165 2921 210 2992 ln
234 2919 431 3013 Syrmiensi
453 2919 598 3011 Synodo
625 2917 869 2986 existimarunt
895 2916 1051 3009 quidam,

61 3020 431 3094 distractasEcclesias
447 3043 566 3088 rursus
583 3017 752 3108 coniungi
767 3041 867 3110 posse
883 3014 950 3088 hoc
964 3041 1050 3088 con·

62 3129 163 3210 silio,
204 3127 232 3194 si
254 3149 294 3192 ex
317 3123 487 3217 Symbolo
513 3121 723 3190 eximeretur
744 3145 811 3190 vox
836 3111 1049 3212 ὃμοούσιον,

60 3245 94 3300 et
119 3227 286 3318 generale
323 3225 470 3294 verbum
504 3217 634 3314 ὅμοιον
657 3223 881 3294 insereretur.
941 3219 993 3292 lta
1022 3221 1049 3290 si

61 3329 277 3424 Symbolum
300 3327 345 3394 ab
370 3341 519 3418 utraque
542 3339 639 3416 parte
653 3337 829 3415 receptum
847 3336 952 3408 esset,
979 3323 1052 3394 coi-

61 3447 160 3502 turas
177 3454 250 3500 esse
263 3425 451 3511 Ecclesias,
478 3450 541 3496 nec
556 3427 699 3510 referre,
724 3425 861 3496 etiamsi
878 3425 940 3494 alii
955 3426 1051 3494 aliud

61 3535 98 3602 in
123 3533 284 3618 dictione
307 3524 438 3622 ὅμοιον
462 3529 717 3615 intelligerent,
750 3527 831 3619 quia
850 3526 942 3596 idem
962 3526 1053 3597 utri-

61 3659 128 3727 que
146 3646 329 3705 sonarent.
380 3629 449 3702 Hic
470 3625 666 3702 cothurnus
681 3629 791 3720 magis
804 3627 900 3698 auxit
917 3628 1051 3700 discor-

62 3739 149 3808 dias.

166 3835 305 3926 Regula
326 3835 435 3924 igitur
447 3832 549 3904 Pauli
565 3834 695 3905 talibus
709 3832 867 3905 consiliis
879 3831 1052 3904 antulera-

66 3958 143 4028 tur,
180 3940 240 4032 qui
265 3938 363 4008 iubet
386 3939 536 4008 formam
558 3935 711 4006 retinere
734 3959 900 4006 sanorum
927 3936 1051 4004 verbo·

60 4069 161 4129 rum,
186 4043 310 4124 idest,
335 4053 446 4108 certos
471 4039 641 4130 loquendi
663 4039 807 4123 modos,
833 4051 873 4108 ut
900 4036 1051 4106 docendi

61 4149 153 4218 ratio
184 4143 349 4234 postulat.
416 4137 462 4210 Et
488 4141 533 4208 ad
556 4135 688 4233 Ephes.
717 4139 906 4232 praecipit,
946 4138 1049 4208 vitari

61 4243 222 4344 κυβείαν
236 4259 269 4316 et
284 4237 531 4339 πανουργίαν.

166 4347 264 4437 Quid
288 4359 338 4414 est
360 4358 475 4414 autem
493 4359 565 4414 tam
581 4341 697 4414 simile
716 4341 828 4428 ludis,
855 4354 889 4412 et
905 4340 1051 4432 praesti-

59 4453 147 4538 giis,
184 4473 290 4544 quarn
314 4447 351 4516 in
378 4445 549 4536 populum
573 4444 737 4533 ambigue
759 4444 851 4514 dicta
868 4445 1052 4534 spargere?

62 4554 173 4643 Quod
197 4575 241 4621 ne
259 4550 373 4632 lieret,
397 4545 565 4641 Symbola
585 4547 726 4616 condita
743 4559 844 4625 sunt,
871 4557 904 4614 et
919 4547 1050 4613 lorntae

60 4653 234 4750 loquendi
257 4648 508 4742 praescriptae,
534 4671 624 4740 quae
646 4647 731 4716 olim
752 4644 913 4717 Canones
932 4645 1049 4714 uomi-

61 4761 263 4838 nabantur,
291 4753 387 4845 pleni
404 4748 631 4832 eruditionis,
656 4772 720 4838 pro
736 4748 865 4842 quibus
880 4745 1052 4838 posterior

62 4875 160 4930 setas
183 4859 289 4945 longe
312 4855 400 4923 alios
421 4850 585 4922 Canoncs
602 4847 779 4920 Ecclesiae
801 4848 972 4931 obtrusit,
1007 4849 1051 4914 de

63 4961 254 5056 tyrannide
270 4955 474 5034 Pontificia,
507 4955 551 5022 tle
575 4951 735 5042 aucupiis
756 4951 924 5044 pecuniae
947 4948 1049 5019 insti-

59 5064 206 5136 tuendis
218 5060 382 5153 persalse
398 5055 577 5128 sacrificia.

165 5164 330 5256 Denique
358 5159 489 5228 scimus
519 5177 659 5236 omues,
692 5152 879 5246 antiquum
910 5175 1052 5244 praece-

1105 1998 1388 2082 invocationem,
1416 2010 1450 2068 et
1474 2011 1652 2090 petamus,
1685 2011 1725 2068 ut
1748 2001 1951 2070 nousolum
1976 2001 2014 2068 in
2039 1999 2096 2068 di-

1104 2101 1255 2184 scendo,
1280 2113 1315 2169 et
1332 2099 1370 2166 in
1387 2101 1546 2170 docendo
1567 2100 1661 2169 lilius
1676 2097 1743 2170 Dei
1758 2093 1866 2200 λόγος
1880 2103 2015 2172 aeterni
2032 2125 2096 2194 pa-

1106 2201 1171 2270 tris
1186 2223 1252 2270 nos
1269 2203 1460 2290 gubernet,
1482 2203 1543 2270 sed
1561 2203 1665 2270 etiam
1681 2215 1722 2271 ut
1738 2205 1829 2272 adsit
1844 2203 1881 2272 in
1896 2204 2095 2276 ministerio

1105 2299 1310 2392 Evangelii,
1343 2303 1389 2373 sit
1420 2303 1557 2388 efficax,
1598 2317 1633 2374 et
1653 2303 1796 2393 colligat
1819 2305 1893 2398 ipse
1916 2317 2095 2376 aeternam

1103 2401 1299 2474 Ecclesiam
1322 2428 1408 2473 voce
1431 2418 1562 2474 nostra.
1614 2403 1722 2494 Quod
1744 2401 1839 2475 haud
1864 2403 1982 2477 dubie'
1996 2407 2094 2491 lacit,

1104 2507 1163 2574 sed
1185 2503 1245 2590 ita,
1271 2529 1351 2574 curn
1369 2505 1585 2594 doctrinam,
1607 2530 1713 2601 quam
1732 2509 1891 2596 tradidit,
1917 2527 2096 2592 sonamus,

1104 2629 1179 2678 nou
1197 2607 1427 2698 corruptelas.

1207 2705 1256 2778 Ut
1275 2721 1390 2778 autem
1412 2706 1561 2802 quisque
1584 2708 1843 2780 eruditissimus
1859 2722 1927 2796 est,
1954 2712 2001 2780 ita
2019 2733 2095 2778 ma·
2203 2757 2216 2774 .

1104 2809 1196 2880 xime
1229 2809 1428 2880 considerat
1458 2811 1738 2898 magnitudinem
1770 2813 1824 2882 sui
1849 2813 2025 2894 muneris,
2060 2824 2096 2882 et

1104 2910 1281 3000 agnoscit,
1325 2909 1364 2978 iu
1393 2905 1459 2980 hac
1486 2913 1669 2982 communi
1698 2914 1901 2984 inlinnitate
1926 2913 2095 2983 omnibus

1103 3013 1217 3082 multa
1239 3011 1453 3082 inconcinne
1476 3012 1568 3082 dicta
1590 3013 1767 3099 excidere,
1794 3029 1828 3086 et
1843 3015 2013 3086 maiorem
2028 3039 2095 3084 cu·

1104 3138 1179 3184 ram
1214 3113 1428 3184 indicendo
1457 3109 1615 3187 adhibet.
1683 3113 1815 3185 Contra
1846 3117 1981 3187 inducti
2015 3129 2101 3188 sunt

1105 3210 1278 3312 φίλαυτοι
1296 3229 1331 3288 et
1353 3216 1519 3298 audaces,
1545 3229 1586 3289 ut
1606 3215 1754 3302 dicitur,
1779 3213 1930 3312 ἀμαθία
1951 3211 2098 3312 θράσος

1105 3311 1360 3418 ἀπεργάζεται.
1411 3315 1482 3390 Sed
1506 3318 1544 3388 iu
1559 3313 1616 3388 his
1634 3319 1707 3400 illi,
1733 3321 1797 3413 qui
1813 3321 1989 3394 sanabiles
2000 3333 2096 3404 sunt,

1105 3444 1125 3492 a
1140 3420 1436 3512 gubernatoribus
1453 3421 1721 3501 admoneantur,
1740 3436 1779 3490 ut
1797 3420 1961 3513 cogitent,
1981 3445 2096 3515 quan·

1105 3536 1181 3593 tum
1207 3545 1298 3592 onus
1318 3523 1534 3604 sustineant,
1560 3538 1595 3594 et
1616 3523 1688 3592 sint
1710 3523 1951 3613 diligentiores
1973 3523 2011 3591 in
2033 3547 2096 3592 co-

1105 3623 1315 3714 gnoscendis
1330 3625 1512 3694 doctrinae
1527 3624 1706 3705 fontibus,
1732 3647 1796 3693 uec
1812 3625 2030 3709 existiment,
2055 3645 2094 3694 sc

1105 3715 1302 3796 satisfacere
1322 3725 1438 3795 officio
1460 3725 1633 3795 divinitus
1647 3725 1834 3810 mandato,
1858 3726 1887 3796 si
1904 3726 2096 3815 garrulita-

1104 3843 1196 3913 tem,
1230 3839 1266 3897 et
1295 3825 1497 3898 futilitatem
1521 3829 1564 3895 ad
1590 3823 1785 3896 Ecclesiam
1809 3827 1982 3901 adierant.
2041 3825 2097 3897 De

1105 3930 1202 4015 aliis,
1242 3929 1304 4022 qui
1342 3941 1425 3997 sunt
1457 3927 1689 4015 insanabiles,
1722 3941 1944 4020 arrogantes,
1976 3930 2095 4018 impu-

1105 4035 1248 4116 dentes,
1281 4029 1502 4112 turbulenti,
1527 4031 1619 4100 laces
1638 4029 1917 4113 discordiarum,
1942 4043 1977 4101 et
2000 4029 2096 4100 sedi-

1105 4135 1265 4218 tionum,
1289 4131 1422 4201 iudicia
1438 4127 1616 4202 Ecclesiae
1634 4133 1879 4206 consulantur.

1204 4232 1308 4304 Hauc
1334 4247 1492 4306 nostram
1510 4229 1741 4315 Orationem,
1765 4246 1806 4302 nt
1829 4230 1916 4301 boni
1930 4230 2097 4300 constrla·

1105 4337 1167 4422 tis,
1201 4359 1265 4408 vos
1284 4347 1444 4406 amanter
1464 4357 1616 4404 ommus.
1679 4332 1786 4404 Scitis
1809 4334 1905 4402 enim
1929 4333 2095 4402 divinum

1104 4449 1329 4531 praeceptum
1350 4458 1442 4514 esse,
1466 4447 1508 4505 ut
1529 4435 1567 4502 iu
1585 4431 1740 4505 Ecclesia
1764 4436 1849 4506 tales
1869 4437 1953 4504 hant
1967 4436 2094 4504 admo-

1104 4541 1275 4622 nitiones,
1299 4561 1363 4628 per
1377 4559 1462 4629 quas
1477 4532 1575 4610 Deus
1591 4537 1629 4606 in
1647 4536 1826 4631 aliquibus
1841 4537 2011 4606 maiorem
2031 4557 2095 4606 cu·
2137 4599 2145 4616 ‚

1103 4665 1178 4711 ram
1197 4651 1289 4710 recte
1304 4639 1457 4709 lacieudi
1473 4637 1653 4712 exuscitat.

1216 4735 1374 4812 Oramus
1404 4753 1521 4810 summ
1546 4739 1659 4810 lilium
1681 4737 1771 4823 Dei,
1803 4737 1999 4810 Dominum
2024 4763 2097 4808 no·

1103 4856 1216 4913 strum
1232 4840 1347 4912 lesum
1364 4836 1568 4924 Christum,
1594 4840 1795 4912 crucifixum
1817 4865 1881 4931 pro
1907 4842 2030 4924 nohis,
2058 4855 2093 4912 et

1103 4942 1358 5028 resuscitatum,
1373 4935 1487 5042 λόγον
1499 4937 1562 5014 καί
1577 4933 1701 5014 εἰκόνα
1716 4935 1841 5015 ἀίδιον
1867 4936 1993 5015 ἀϊδίου
2022 4967 2096 5014 πα-

1105 5041 1205 5144 τρὸς,
1228 5046 1291 5140 qui
1314 5057 1408 5116 certo
1429 5043 1497 5114 sibi
1522 5043 1657 5132 colligit
1680 5056 1858 5113 aeternam
1880 5039 2090 5129 Ecclesiam,

1105 5173 1190 5220 voce
1204 5145 1411 5235 Evangelii,
1437 5159 1471 5214 et
1488 5168 1561 5214 non
1577 5145 1700 5228 aliter,
1725 5157 1765 5214 ut
1786 5146 1823 5212 iu
1842 5141 1907 5214 hac
1925 5145 2096 5233 languida

64 5283 164 5360 ptum
185 5290 278 5344 esse,
313 5277 349 5332 ut
376 5261 413 5328 iu
438 5257 573 5346 legibus
595 5271 629 5328 et
651 5255 834 5325 sententiis
850 5255 1051 5324 forensibus
1101 5249 1231 5320 mundi
1258 5258 1406 5327 senecta,
1427 5258 1540 5316 servet
1555 5245 1591 5314 in
1608 5243 1799 5317 Germania
1815 5242 1992 5316 Ecclesiae
2008 5245 2097 5314 ccli·

61 5370 273 5462 ambiguitas
289 5365 429 5448 vitetur,
455 5361 546 5434 sicut
561 5353 815 5442 Demosthenes
833 5357 964 5452 inquit,
989 5351 1052 5424 De
1106 5354 1221 5448 quius,
1232 5365 1266 5422 et
1282 5349 1455 5441 gubernet
1469 5371 1535 5418 nos
1553 5371 1687 5435 omues,
1703 5359 1863 5441 protegat
1880 5342 2098 5442 etiamhauc
