4714 5832
83 279 155 356 125

80 445 281 582 Q.

915 463 971 528 ¹6.
989 453 1050 523 iul.

903 545 1074 580 Μ

426 615 735 709 Academicis.
825 678 828 688 ·

147 774 254 858 Scripta
272 772 385 900 pqurcs
393 773 486 900 ἐξίῃ.
506 791 533 848 p.
546 774 590 831 20.
608 773 778 913 -iwhdffiqll
798 769 1009 900 brucschsdaqi
1021 793 1076 832 no-

180 864 256 979 r‘qqqq
273 863 435 987 penqums
445 859 600 968 ppqzopns
685 863 719 900 sn
768 865 832 900 sem
850 863 910 902 esus
932 865 985 904 ans
997 865 1074 902 orem

78 1065 215 1142 Rectus·
249 1065 468 1142 Academiae
501 1067 817 1165 Ws'tcbergmss's,
858 1067 911 1150 D.
946 1067 1005 1142 M
1006 1096 1023 1143 c
1032 1069 1074 1143 l-

386 1167 521 1244 clrior
544 1167 768 1246 Fendius.

184 1313 288 1396 Quem
303 1337 366 1378 non
380 1319 499 1378 virtutis
515 1329 653 1398 egentem

180 1419 317 1482 Abstulit
332 1431 393 1480 atra
410 1419 517 1482 disset
532 1419 637 1480 iuuere
649 1423 752 1480 mersit
767 1419 893 1482 acerbo!

74 1550 196 1644 iuquit
209 1545 347 1620 Aeneas
360 1549 404 1618 de
420 1545 591 1622 Pallante.
620 1545 658 1618 ld
674 1573 771 1621 nuuc
787 1550 825 1618 iu
844 1543 912 1620 hoc
926 1545 1069 1640 publico

73 1651 175 1722 luctu
199 1673 280 1720 vere
302 1649 374 1720 dici
396 1662 512 1743 potest
534 1651 585 1720 de·
595 1645 695 1720 Duce
712 1645 876 1722 Elector‘e
895 1647 1069 1722 saxoniae

75 1753 239 1845 principe
259 1745 474 1838 Mauritio,
512 1773 618 1846 quem
647 1775 721 1822 uon
746 1754 888 1826 virtutis
911 1765 1068 1844 egentem

74 1855 224 1926 abstulit
244 1868 320 1926 atra
339 1854 415 1924 dies
430 1867 462 1924 ct
477 1855 603 1924 funere
618 1854 740 1924 mersit
753 1857 892 1930 acerbo.
949 1853 1070 1926 Pateri

75 1957 174 2028 enirn
199 1977 339 2026 necesse
362 1969 433 2042 est,
462 1955 570 2024 fuisse
593 1953 630 2024 in
654 1979 695 2024 co
716 1959 845 2028 multas
861 1957 1068 2026 excellentes

73 2057 212 2148 ingenii
227 2059 347 2144 dotes,
370 2071 404 2129 et
416 2059 570 2148 egregias
586 2055 743 2132 virtutes.
794 2057 955 2130 Pellebat
972 2057 1066 2127 enim

73 2159 246 2248 consilio,
279 2171 313 2230 et
332 2159 479 2248 cogitata
505 2183 585 2228 curn
611 2159 728 2254 aliqua
753 2157 923 2252 dignitate
948 2159 1067 2254 eloqui

70 2275 230 2354 poterat,
263 2277 297 2333 et
324 2261 361 2330 in
384 2261 488 2332 bellis
509 2261 687 2351 gerendis,
719 2263 759 2331 in
775 2263 997 2346 dimicando,
1027 2261 1067 2330 in

70 2362 401 2455 oppugnationibus
430 2363 606 2433 industria
635 2385 674 2434 ac
695 2363 836 2435 solertia
857 2361 943 2434 vicit
962 2363 1066 2439 etiam

70 2489 174 2536 senes
188 2465 305 2536 duces.
355 2463 429 2536 Nec
445 2465 592 2554 ignavus
607 2479 700 2552 erat,
727 2467 786 2536 sed
803 2465 923 2536 omnia
941 2487 1065 2558 specu-

69 2567 216 2636 labatur
239 2567 332 2659 ipse,
363 2591 512 2637 acauno
528 2567 690 2658 proximo
708 2591 787 2638 curn
802 2565 922 2662 paucis
937 2567 1066 2662 equiti-

69 2669 140 2737 bus
163 2669 208 2736 ad
223 2665 392 2738 Turcicas
415 2667 533 2760 copias
547 2691 658 2762 prope
672 2670 832 2756 accessit,
858 2683 900 2740 ut
914 2683 1067 2766 quantae

69 2781 209 2854 essent,
234 2783 269 2840 et
289 2793 378 2864 quae
402 2784 489 2840 esset
509 2771 668 2840 locorum
685 2771 952 2864 opportunitas,
980 2793 1066 2840 con-

69 2873 255 2942 sideraret.
305 2869 493 2942 Fortitudo
517 2871 663 2942 veroin
688 2871 809 2944 multis
830 2873 958 2965 pugnis
979 2897 1066 2942 con-

69 2987 190 3066 specta
212 2985 265 3044 est
286 2973 324 3042 in
341 2969 460 3044 Gallia
483 2987 517 3044 et
539 2973 577 3042 in
594 2971 801 3060 Pannonia,
824 2976 887 3045 ubi
904 2989 985 3074 anto
1001 2999 1065 3044 an-

70 3098 136 3143 nos
161 3074 300 3168 aliquot
322 3076 440 3146 subito
461 3073 721 3147 circumventus
740 3100 761 3146 a
782 3091 899 3147 turma
913 3073 945 3176 ¹)
966 3075 1064 3147 Tur-

71 3177 144 3246 cica
176 3175 347 3246 acerrime
377 3199 414 3246 se
436 3177 611 3262 defendit,
641 3179 779 3270 aliquot
802 3177 930 3248 Turcis
953 3179 1065 3248 inter-

68 3279 189 3363 fectis,
214 3303 294 3347 curn
316 3280 356 3348 iu
374 3293 473 3350 tanto
490 3279 647 3370 periculo
663 3280 733 3350 fuit
747 3281 900 3374 collapso
917 3305 1008 3375 equo
1024 3291 1065 3350 nt

70 3375 192 3450 hostes
212 3379 347 3450 fuerint
366 3403 445 3450 curn
468 3381 690 3474 oppressuri,
722 3382 784 3474 qui
807 3383 921 3454 multo
947 3383 1065 3474 plures

70 3495 193 3567 erant,
228 3481 298 3552 nisi
323 3481 430 3552 nnius
452 3482 590 3552 comitis
613 3481 682 3552 fide
708 3497 743 3555 et
763 3481 894 3555 virtute
915 3483 1063 3576 repressi

71 3597 201 3658 esseut.
260 3581 346 3654 Fuit
367 3582 405 3652 in
427 3583 671 3656 iurisdictione
694 3583 807 3655 iustus
829 3597 864 3655 et
886 3587 962 3658 sine
989 3609 1064 3655 sae-

71 3685 178 3758 vicia.
209 3681 259 3756 Et
273 3685 403 3776 privati
418 3707 532 3756 mores
550 3683 678 3776 placidi
693 3698 727 3754 et
742 3685 889 3758 modesti
908 3687 1063 3760 fuerunt.

73 3784 217 3876 Ingenii
245 3787 387 3856 bonitas
418 3787 522 3857 etiarn
547 3787 584 3855 in
608 3781 673 3856 hac
694 3811 732 3856 re
755 3789 910 3880 conspici
937 3789 1069 3880 potnit,¹

72 3889 169 3982 quod
191 3888 432 3958 doctrinarum
455 3887 571 3958 studia
593 3901 627 3960 et
650 3889 768 3980 magni
795 3891 878 3962 fecit
893 3904 928 3962 et
944 3893 1064 3961 muni-

71 3989 132 4060 fice
153 3989 258 4063 fovit.
308 3987 478 4062 Pietatem
499 3991 605 4060 etiam
627 4013 706 4081 erga
722 3989 837 4061 Deum
856 3993 896 4062 iu
912 3989 979 4062 hoc
998 4015 1063 4086 po-

74 4105 204 4162 stremo
230 4112 342 4180 agone
365 4092 547 4184 perspicue
570 4092 734 4166 ostendit.
800 4089 891 4163 Nam
916 4089 984 4163 hoc
1007 4095 1064 4164 bi·

74 4195 207 4278 duum,
241 4217 312 4286 quo
342 4193 456 4264 victor
485 4207 564 4286 post
593 4217 747 4286 pugnam
784 4211 959 4288 superstes
983 4195 1065 4282 fuit,

74 4296 293 4390 consumpsit
310 4294 349 4364 in
374 4295 592 4365 confessione
612 4297 691 4388 piae
708 4297 890 4368 doctrinae
903 4311 937 4369 et
953 4299 990 4367 in
1005 4297 1064 4368 in-

75 4395 259 4467 vocatione
273 4395 337 4465 filii
351 4393 438 4484 Dei,
462 4395 608 4466 Domini
623 4399 735 4467 nostri
755 4397 833 4469 lesu
848 4395 1002 4486 Christi,
1028 4414 1073 4472 et*

77 4499 186 4568 multa
207 4499 265 4590 pia
283 4500 449 4569 mandata
466 4499 574 4572 dedit.
623 4497 723 4570 Talis
741 4525 821 4570 cnm
837 4501 945 4572 fuerit
961 4527 1063 4593 prae-

78 4599 166 4669 sidio
186 4623 260 4669 esse
274 4613 307 4669 et
324 4601 458 4691 patriae
473 4613 506 4670 et
521 4597 734 4670 Germaniae
750 4605 917 4672 adversus
933 4602 1063 4672 Tucci-

77 4723 132 4768 cas
156 4701 373 4792 irruptiones
397 4715 432 4773 et
458 4701 497 4770 in
516 4703 596 4771 aliis
621 4704 777 4772 motibus
801 4701 993 4794 potuisset,
1030 4703 1063 4774 si

80 4801 214 4892 lougius
234 4803 328 4874 vitae
348 4803 504 4893 spacium
525 4805 558 4872 ei
580 4827 782 4876 concessum
806 4820 905 4880 esset.
952 4801 1063 4876 Dole-

78 4925 155 4972 mus
174 4905 284 4995 igitur
305 4905 499 4975 extinctum
523 4927 614 4991 esse,
644 4905 782 4998 etquis
804 4919 856 4978 tot
871 4909 1063 4980 virtutibus

75 5019 239 5078 ornatum
261 5003 459 5101 principem
479 5007 520 5102 in
541 5006 617 5100 ipso
633 5007 860 5104 aetatis‘tlore
875 5011 1063 5106 immatura

76 5121 187 5178 morte
203 5104 369 5197 'extingui
389 5109 588 5180 miserabile
607 5123 677 5193 est,
707 5121 742 5180 et
754 5109 837 5202 quia
854 5109 986 5200 iustum
1003 5127 1064 5198 est,

76 5229 142 5276 nos
156 5210 282 5280 amisso
297 5209 443 5282 domino
460 5211 590 5300 lugere.
641 5209 833 5282 Doleamus
850 5213 972 5304 ctiam,
999 5239 1064 5308 pa-

75 5308 180 5390 triam
196 5325 231 5384 et
247 5309 478 5382 Germaniam
494 5312 558 5382 tali
572 5313 661 5383 duce
677 5311 835 5384 orbatam
854 5335 938 5402 csse,
963 5315 1065 5388 cuius

109 5469 136 5535 l)
153 5469 264 5528 Testusr
290 5473 405 5548 Μῶα,
428 5471 574 5540 mendum
590 5484 680 5532 turma
693 5475 829 5560 telnttsrba
842 5473 997 5548 legendnm.

652 267 1091 354 EPlSTOLhRUM
1145 275 1252 354 LlB.
1297 273 1396 356 xtt.
1446 271 1582 351 1668.

2058 279 2130 354 126

1132 449 1308 520 industria
1322 463 1357 522 et
1370 449 1534 520 virtusad
1543 471 1767 520 communem
1776 449 2017 522 defensionem
2028 453 2124 526 rnul-

1131 566 1208 625 tum
1224 555 1389 646 prodesse
1404 552 1587 646 potuisset.
1637 545 1856 622 Adficiamnr
1869 551 1975 624 etiam
1997 553 2123 628 dolore

1064 699 1068 706 -
1129 653 1371 725 nobilissimae
1396 653 1555 745 coniugis
1581 653 1692 748 ipsius
1718 667 1754 726 et
1776 652 1882 730 filiae.
1941 652 2011 727 sed
2034 660 2120 750 quis

1128 753 1205 828 Deo
1237 781 1304 828 nos
1335 759 1579 850 obtemperare
1611 777 1751 828 necesse
1776 768 1850 840 cst,
1888 777 2119 844 agnoscamus

1128 881 1351 928 communem
1366 860 1617 944 infirmitatem,
1641 875 1675 932 et
1690 860 1734 928 de
1749 857 1862 928 causis
1878 857 2117 932 calamitatum

1127 960 1262 1048 generis
1278 955 1454 1032 hnmanae
1470 963 1679 1052 cogitemus,
1705 974 1892 1034 staremus
1906 959 2021 1031 filium
2034 961 2118 1047 Deis

1125 1075 1166 1132 ut
1180 1061 1289 1132 leniat
1302 1085 1504 1150 aerumnas,
1530 1077 1564 1134 et
1578 1075 1693 1134 servet
1707 1063 1801 1134 inter
1814 1083 1880 1132 nos
1894 1062 2030 1156 aliquas
2045 1059 2117 1134 Ec-

1126 1164 1250 1234 clesiae
1271 1165 1451 1259 reliquias.
1504 1163 1553 1237 Ut
1570 1180 1687 1236 autern
1702 1164 1784 1238 Dux
1805 1165 1880 1255 ipse
1896 1164 2056 1236 discessit
2073 1187 2115 1236 ex

1124 1258 1190 1336 hac
1205 1263 1277 1336 vita
1293 1262 1349 1336 his
1365 1269 1503 1340 duabus
1518 1281 1654 1340 erectus
1667 1265 1993 1351 consolationibus,
2018 1269 2115 1360 quod

1043 1391 1066 1408 ··
1124 1367 1163 1436 iu
1185 1391 1289 1440 causa
1311 1383 1410 1458 gusta
1430 1383 1465 1441 et
1481 1371 1675 1440 necessaria
1689 1368 1896 1438 defensione
1910 1367 2042 1460 patriae
2055 1391 2115 1438 ar-

1124 1491 1181 1538 ma
1203 1472 1325 1560 gessit,
1351 1485 1385 1541 et
1409 1475 1505 1566 quod
1521 1495 1557 1542 se
1571 1473 1644 1541 filio
1660 1469 1727 1542 Dei
1740 1471 1897 1540 moriens
1911 1493 1995 1540 vera
2008 1467 2112 1542 invn—

1123 1571 1260 1642 catinne
1283 1585 1318 1644 et
1330 1575 1399 1644 fide
1414 1573 1692 1644 commendavit:
1718 1573 1768 1644 ita
1783 1595 1850 1642 uos
1866 1595 2009 1666 qnoque
2022 1565 2110 1643 haec

1122 1671 1233 1766 ipsius
1255 1676 1348 1746 bona
1375 1677 1584 1765 cogitantes,
1616 1675 1789 1746 leniamus
1813 1673 2050 1754 moesticiam,
2077 1687 2112 1746 et

1123 1788 1259 1848 tuentes
1279 1791 1398 1848 nostra
1423 1779 1579 1869 pericula
1594 1777 1730 1870 privata
1749 1791 1784 1848 et
1797 1775 1957 1868 publica,
1980 1775 2112 1846 arden·

1121 1877 1192 1948 tius
1221 1900 1365 1950 oremus
1393 1881 1507 1950 hlium
1529 1875 1616 1965 Dei,
1654 1894 1695 1952 ut
1716 1874 1780 1950 has
1802 1878 1962 1968 regiones
1984 1891 2020 1948 et
2044 1900 2111 1946 nos

1120 1993 1282 2070 protegat
1302 1995 1338 2053 et
1357 1983 1542 2072 gubernet.
1592 1977 1840 2054 Celebrabitnr
1855 1980 1959 2051 etiam
1974 2001 2111 2050 merno-

1120 2081 1172 2152 ria
1195 2082 1368 2155 virtutum
1391 2083 1501 2176 ipsius
1525 2085 1569 2154 ad
1591 2095 1768 2177 posteros,
1794 2096 1829 2154 et
1843 2077 2109 2152 haacvoluntss

1120 2184 1362 2256 defendendae
1385 2187 1520 2277 patriae
1542 2183 1688 2260 honesta
1711 2185 1796 2271 fuit,
1822 2183 2026 2278 quicunqne
2042 2181 2113 2253 fuit

1120 2285 1244 2360 exitus.
1293 2286 1399 2358 Scitis
1421 2289 1517 2358 enirn
1540 2303 1687 2360 naturae
1705 2311 1847 2368 vocem,
1874 2309 1963 2379 quae
1979 2283 2018 2352 iu
2031 2279 2109 2353 Ho-

1119 2387 1209 2455 meri
1233 2390 1388 2458 carmine
1413 2391 1596 2460 recitatnr:
1632 2385 1677 2460 οὐ
1699 2385 1735 2460 οἱ
1750 2381 1866 2468 ἀεικὲς
1881 2381 2110 2480 ἀμυνομένῳ

1118 2482 1201 2584 περὶ
1217 2481 1358 2585 πάτρης
1370 2484 1575 2582 τεθνάμενι
1611 2515 1675 2582 pro
1690 2490 1803 2582 patria
1816 2511 1983 2580 magnum
2000 2487 2109 2557 decus
2166 2521 2169 2526 ·

1119 2601 1172 2660 est
1197 2591 1411 2680 profundere
1434 2594 1554 2668 vitam.
1606 2591 1659 2664 Ac
1676 2591 1765 2684 grati
1780 2585 1874 2659 hanc
1887 2585 2118 2660 voluntatem

1119 2693 1347 2768 celebremus.
1399 2693 1542 2783 Quanta
1564 2695 1660 2764 enim
1680 2692 1870 2764 crudelitas
1885 2693 1930 2761 ab
1946 2685 2109 2762 hostibus

1119 2809 1318 2866 exerceatur
1333 2797 1429 2865 cerni
1446 2809 1560 2888 potest
1581 2798 1620 2866 iu
1637 2795 1767 2866 vicinia
1784 2791 2019 2883 Noribergae,
2043 2791 2108 2862 ubi

1118 2895 1255 2988 aliquot
1273 2898 1403 2989 oppida
1418 2898 1492 2988 igni
1511 2923 1656 2990 prorsus
1675 2898 1788 2968 deleta
1813 2909 1913 2982 sunt,
1939 2907 1974 2964 et
1987 2894 2107 2984 inop-
2152 2911 2159 2918 '

1119 2997 1203 3088 pido
1229 2995 1376 3068 Aldorff
1396 3000 1537 3070 circiter
1557 3002 1735 3092 octoginta
1758 2993 1921 3068 homines
1939 2995 2107 3066 incendio

1118 3099 1314 3188 perierunt.
1355 3096 1554 3172 Consilium
1571 3103 1680 3193 igitur
1701 3100 1846 3172 arcendi
1868 3113 1940 3170 tam
1957 3093 2108 3168 borren-

1117 3201 1452 3280 damvastationem
1475 3227 1495 3274 a
1514 3207 1629 3298 patria
1643 3205 1795 3297 iustum,
1821 3201 1921 3296 pium
1940 3213 1974 3272 et
1988 3223 2110 3270 neces-

1117 3304 1247 3373 sarium
1265 3305 1345 3379 tuis.

1207 3403 1323 3476 Nunc
1346 3431 1408 3478 vos
1428 3403 1633 3498 hortamur,
1665 3422 1706 3480 ut
1727 3407 1883 3502 pericula
1906 3403 2049 3496 publica
2075 3415 2109 3472 et

1117 3505 1252 3598 privata
1280 3509 1528 3598 consideretis,
1568 3525 1602 3583 et
1622 3524 1756 3582 mentes
1776 3509 1819 3578 ad
1846 3507 2107 3578 invocationem

1116 3606 1183 3676 Dei
1200 3611 1417 3700 exuscitetis3
1444 3637 1502 3698 ac,
1532 3628 1573 3684 ut
1587 3636 1703 3682 mores
1721 3609 1849 3699 regatis
1862 3609 1998 3678 maiore
2012 3627 2109 3692 cura,
2216 3695 2219 3704 Ι

1117 3709 1350 3782 consideratio
1381 3707 1558 3784 humanae
1578 3713 1793 3784 infirmitatis
1816 3711 1920 3782 etiarn
1944 3732 2007 3779 vos
2029 3731 2108 3778 rno-

1117 3827 1214 3900 veat,
1256 3814 1356 3882 cuius
1390 3815 1429 3882 in
1455 3810 1523 3884 hoc
1549 3829 1623 3886 toto
1650 3815 1744 3886 bello
1770 3815 1883 3886 multa
1908 3811 2108 3884 tristissima

1117 3915 1275 4008 exempla
1288 3915 1426 4002 videtis,
1446 3931 1486 3987 ut
1499 3919 1658 4008 cogitetis
1673 3943 1832 3988 versum:
1859 3915 2017 3986 accidere
2032 3913 2109 3982 cni-

1117 4015 1169 4086 vis
1193 4031 1308 4108 potest
1328 4021 1423 4112 quod
1448 4021 1612 4114 cuiquam
1627 4021 1765 4094 accidit.
1815 4013 1972 4088 Oramus
1990 4027 2108 4084 antem

1117 4117 1228 4188 filium
1251 4119 1319 4192 Dei
1343 4134 1417 4192 toto
1441 4129 1598 4213 pectore,
1627 4137 1667 4194 ut
1691 4118 1756 4194 has
1775 4120 1954 4210 regiones,
1987 4127 2022 4187 et
2041 4138 2107 4184 nos

1117 4243 1240 4290 omnes
1266 4237 1425 4314 protegat
1448 4238 1482 4294 et
1501 4227 1692 4316 gubernet,
1725 4221 1815 4292 sicut
1833 4217 1968 4316 inquit:
2001 4241 2107 4286 nemo

1115 4324 1229 4416 rapiet
1249 4347 1331 4393 oves
1349 4347 1443 4396 meas
1458 4349 1498 4396 cx
1517 4327 1681 4398 manibus
1699 4324 1797 4396 meis.
1848 4319 1918 4394 Die
1937 4315 2109 4404 uttam,

1115 4449 1211 4496 annu
1231 4421 1339 4500 1555.

1123 4756 1191 4830 No.
1208 4757 1324 4836 6464.

1121 4853 1332 4893 m
1977 4859 2107 4888 Μ

1414 4929 1467 5022 d.
1495 4933 1804 5022 Hausnscmso.

1185 5069 1269 5142 Epist.
1285 5071 1333 5128 n..
1349 5073 1385 5128 n.
1403 5095 1429 5150 p.
1443 5077 1503 5134 sss.
1525 5077 1580 5146 (er.
1593 5075 1682 5134 nona.
1699 5077 1796 5138 mar.
1813 5072 1950 5152 assos).

1172 5261 1174 5264 -
1273 5213 1328 5287 D.
1354 5210 1626 5290 Gnilhslme
1648 5218 1955 5293 Housmanno

1118 5335 1166 5428 S.
1192 5347 1236 5424 D.
1287 5347 1499 5424 Veneranda
1521 5351 1567 5430 D.
1589 5349 1822 5440 Gnillsefmc,
1857 5351 1948 5426 Cum
1969 5355 2008 5434 in
2030 5379 2107 5425 arn-

1118 5451 1267 5544 plissimi
1288 5465 1430 5524 senatus
1454 5455 1565 5526 literis
1585 5458 1746 5549 proxime
1761 5457 1896 5544 missis,
1920 5471 2107 5554 postquam
