4712 5828
149 201 153 218 ⁸
223 216 294 290 151
796 163 1227 286 Etusrouattttat
1277 207 1490 288 LlB.Xll.
1542 205 1672 288 1663.
2056 137 2060 154 ¹
2184 207 2258 286 1⁵2

224 387 372 456 boscum
403 381 569 468 versaris,
611 395 646 452 et
673 380 821 474 opinor,
856 405 974 452 meum
1003 393 1124 474 pectus
1144 378 1212 450 tibi
1265 381 1304 450 in
1326 381 1445 454 reditu
1469 379 1556 452 iussi
1578 381 1700 454 literas
1724 403 1744 450 s
1766 393 1801 452 te
1823 380 1993 473 flagitare.
2058 377 2128 454 Die
2148 381 2260 453 natali
2344 435 2345 476 3

227 499 352 558 notum
370 498 405 554 ct
417 485 670 573 introspectum
687 505 770 552 esse.
821 481 905 554 ldeo
918 484 1032 552 scribo
1047 482 1213 554 breviter.
1266 480 1402 552 Mariae
1426 482 1575 572 virginis
1599 481 1742 567 matris,
1773 507 1882 575 quarn
1897 484 2021 554 scribit
2037 478 2262 577 Nicephorua

325 585 477 658 Senatus
493 583 798 674 Norimbergensis
821 586 918 676 cupit
937 585 1000 654 tibi
1024 583 1214 676 inspectio·
1267 583 1524 654 vixisseannos
1542 605 1670 654 novem
1687 597 1721 654 et
1735 585 2007 680 quinquaginta.

227 711 310 760 nem
328 710 471 759 suarum
486 682 725 756 Ecclesiamm
746 687 1010 769 commendare,
1036 709 1105 777 qua
1121 685 1160 752 in
1177 707 1214 752 re

227 790 325 860 vides
346 800 504 860 auranter
522 799 557 856 et
578 780 772 856 honorilice
794 791 837 856 de
860 801 893 857 te
915 787 1045 856 sentire
1061 777 1216 854 Inachi-

227 915 346 974 mum,
388 887 452 982 qui
476 888 528 974 tui
555 887 771 956 mentionem
792 880 935 982 secit*).
1002 887 1106 958 Nunc
1129 887 1217 978 quid
1281 913 1476 989 ngqgg·
1724 984 1726 990 Ι
2103 927 2137 991 3·
2152 917 2240 1002 Sept.

228 992 317 1062 velis
340 990 454 1058 facere
477 987 708 1074 deliberabis,
740 1002 774 1058 et
792 991 872 1058 volo
890 989 956 1060 tibi
971 984 1064 1060 hanc
1082 989 1215 1058 delibe·
1276 1011 1488 1052 w·-
2083 1011 2259 1044 υνν

229 1092 403 1162 rationem
444 1088 663 1158 liberrimam
696 1113 780 1163 esse.
851 1088 1068 1183 Quanquam
1101 1106 1217 1160 autem
1597 1097 1662 1185 D,
1692 1096 1935 1214 obfirmo,

101 1191 106 1200 “
229 1215 326 1263 nunc
340 1191 434 1262 bella
449 1203 532 1260 sunt
546 1189 585 1258 in
602 1183 668 1260 bac
685 1204 782 1281 parte
799 1189 1033 1276 Germaniae,
1056 1215 1146 1283 quae
1163 1190 1218 1259 vi-

231 1294 311 1363 cina
324 1304 377 1361 est
391 1289 626 1378 Noribergae,
652 1305 686 1360 et
703 1292 777 1383 ipsa
792 1290 987 1382 Noriberga
1005 1293 1043 1360 in
1059 1292 1217 1384 periculo

232 1408 300 1474 ‘⁵¹2
334 1392 425 1463 ficut
448 1414 513 1460 ¹1⁰⁵
536 1416 694 1484 ‘1⁰⁰‘lue2
730 1405 848 1464 lamen
870 1417 993 1484 ⁵P⁰¹⁰2
1017 1391 1133 1464 Deum
1156 1388 1219 1462 has
1272 1405 1499 1487 Clarissimo
1518 1413 1615 1503 viro,
1640 1389 1843 1486 eruditionb
1860 1423 1892 1486 et
1911 1415 2042 1488 virtute
2053 1421 2270 1516 praestanti
2344 1437 2345 1478 t

231 1492 409 1566 Ecclesiae
432 1504 653 1609 servaturum
672 1515 766 1580 esse,
797 1509 832 1564 et
853 1509 887 1566 te
909 1520 993 1579 oro,
1018 1509 1059 1566 ut
1073 1493 1221 1566 Senatui
1272 1515 1328 1594 D·
1353 1511 1542 1589 Davgdg
1565 1510 1819 1612 ebrum,
1851 1515 2048 1616 pnpnclypa
2062 1515 2268 1592 Academia
2344 1519 2345 1522 ¹

232 1607 294 1665 aut
309 1585 504 1662 Ioaclumo
528 1594 752 1684 respondeas.
801 1591 898 1664 Bene
922 1609 955 1666 et
971 1595 1121 1666 feliciter
1133 1596 1220 1665 vale.
1444 1612 1724 1706 Rostochium,
1742 1617 1870 1718 ΜΝ·
1883 1643 1951 1691 ,uo
1969 1620 2097 1698 can-55·

231 1693 300 1766 Die
316 1693 427 1813 natali
442 1693 591 1782 virginis
608 1695 747 1780 matris,
779 1720 885 1815 quam
904 1697 1026 1815 scribit
1043 1693 1222 1790 Nicepho·
1274 1755 1381 1843 SD
1444 1767 1477 1840 D
1538 1767 1595 1788 ..
1698 1767 1707 1786 ·
1856 1767 1865 1786 ι
2129 1771 2169 1788 ..

233 1818 293 1866 rus
312 1817 712 1868 vmggeannosnovem
730 1809 1049 1892 etqfflnquagmm,
1312 1817 1322 1840 .
1383 1820 1392 1844 .
1479 1783 1653 1840 oetrssrme
1672 1793 1729 1838 vrr
1744 1781 1779 1838 et
1794 1791 1911 1840 carus.
1925 1769 2044 1844 frater.
2084 1769 2187 1842 Mrsrt
2203 1771 2269 1844 Se-
2344 1813 2345 1862 p

973 1894 1172 1992 Philippus.
1275 1884 1379 1940 natus
1392 1865 1715 1964 Norimbergenst's
1729 1871 1772 1940 ad
1786 1865 1977 1940 Doctorem
1992 1865 2175 1944 Ioannem
2188 1877 2270 1944 Aa·
2344 1871 2345 1890 ¹

1277 1969 1464 2068 rr'sabrum
1484 1967 1593 2060 ,huuc
1628 1971 1820 2052 nuncium,
1855 1985 1890 2042 et
1923 1997 2005 2044 eum
2031 1976 2196 2060 accersit,
2231 1990 2271 2046 ut

1276 2075 1542 2144 commendetur
1564 2072 1597 2142 ei
1616 2073 1787 2164 inspectio
1802 2069 2042 2144 Ecclesiamm
2057 2100 2141 2146 suae
2156 2077 2270 2150 urbis.

1275 2171 1354 2244 Etsi
1376 2175 1462 2268 quid
1483 2173 1597 2244 facere
1619 2173 1706 2244 velit
1720 2169 1747 2270 ¹)
1767 2173 1932 2268 relinquo
1954 2176 2065 2268 ipsius
2091 2178 2271 2248 delibera·
2344 2171 2345 2238 l

1259 2275 1386 2360 arioni,
1426 2289 1545 2348 tamen
1574 2276 1604 2346 si
1628 2269 1711 2374 [in]
1734 2273 1928 2348 Academia
1957 2291 2072 2350 vestra
2097 2303 2169 2350 esse
2194 2304 2271 2350 non
2344 2263 2345 2340 l

1277 2377 1389 2461 volet,
1423 2377 1533 2466 magis
1561 2377 1732 2470 optarim,
1773 2401 1853 2447 eum
1878 2401 1950 2448 esse
1972 2379 2011 2448 in
2034 2379 2097 2450 illa
2119 2375 2271 2452 honesta

1277 2480 1364 2548 urbe
1377 2477 1592 2567 Noriberga,
1623 2503 1713 2571 quae
1731 2491 1783 2548 est
1805 2479 2025 2550 domicilium
2043 2477 2223 2552 Ecclesiae
2238 2496 2272 2552 et

1277 2579 1427 2663 artium,
1458 2603 1549 2672 quae
1571 2593 1654 2649 sunt
1675 2579 1802 2666 dignae
1824 2580 1947 2670 laude,
1983 2607 2089 2674 quam
2113 2584 2152 2652 in
2176 2597 2271 2654 terra

522 2663 574 2750 θ.
603 2663 931 2754 Bnebtotzero.
1277 2675 1505 2774 hyperborea,
1532 2680 1669 2750 etiamsi
1683 2677 1861 2750 Pindarus
1874 2683 1934 2766 ait,
1960 2681 2012 2752 ibi
2027 2707 2091 2754 nec
2108 2685 2188 2755 lites
2205 2709 2271 2754 nec

304 2819 402 2878 Mam
419 2821 519 2896 mg·
536 2840 565 2894 p.
579 2822 639 2876 509.
1277 2783 1419 2850 morbos
1440 2804 1524 2850 esse.
1575 2781 1709 2872 Scripsi
1731 2782 1775 2849 ad
1800 2793 1834 2850 te
1859 2805 1998 2868 recens,
2031 2798 2065 2854 et
2084 2787 2165 2854 misi
2190 2787 2271 2877 epi·

1277 2883 1384 2952 stolas
1400 2875 1552 2950 Petaliai
1564 2877 1614 2972 ²),
1641 2897 1675 2952 et
1697 2895 1774 2952 tuas
1791 2883 1909 2952 literas
1925 2884 2045 2974 tlagito
2062 2899 2097 2957 et
2111 2901 2270 2978 expecto.
2344 2935 2345 2958 .

231 2971 444 3050 Reverendo
465 2975 560 3058 viro,
588 2974 789 3050 eruditione
812 2989 844 3050 et
860 2980 988 3056 virtute
1005 2989 1225 3084 praestanti,
1277 2983 1358 3052 Tuo
1382 2984 1544 3052 ministro
1565 2983 1800 3074 proficiscenti
1819 2985 1864 3052 ‘td
1887 3009 2005 3054 meum
2026 2989 2170 3057 fratrem
2188 2990 2273 3058 lite·
2344 2971 2345 3066 l

232 3075 287 3152 D.
314 3073 519 3174 Georgio
544 3073 904 3170 Buchholtzero,
933 3088 1082 3183 pastori
1096 3087 1224 3160 Eccle.
1277 3107 1333 3153 ras
1347 3085 1441 3158 dedi.
1467 3081 1565 3152 Bene
1581 3085 1657 3152 vale
1675 3097 1709 3153 et
1724 3085 1888 3157 rescribe.
1913 3082 2146 3176 Epithalamii
2161 3073 2273 3180 argu-

233 3177 312 3248 sr'ae
336 3174 416 3250 Det
448 3179 487 3268 in
523 3178 608 3250 urbe
634 3177 789 3268 Arctoa,
820 3183 949 3280 fratri
970 3213 1038 3258 suo
1064 3187 1224 3272 colendo,
1278 3198 1434 3254 mentum
1469 3185 1538 3253 iam
1565 3186 1649 3252 dedi
1683 3179 1978 3272 Wllebrocht'o,
2016 3203 2050 3260 et
2076 3214 2177 3282 spero
2207 3215 2271 3261 vos
2344 3197 2345 3270 l

566 3273 772 3378 Philippos
795 3279 893 3357 Mel.
1277 3286 1429 3354 libenter
1453 3286 1606 3356 lecturos
1628 3309 1711 3358 esse.
1770 3286 1907 3356 Vellem
1932 3301 1965 3358 te
1989 3286 2078 3359 mihi
2103 3293 2272 3376 scribere,
2344 3319 2345 3360 a

1276 3411 1347 3480 quo
1369 3387 1407 3456 in
1428 3387 1506 3456 loco
1530 3399 1634 3456 natus
1648 3387 1705 3456 sis.
1756 3384 1847 3456 Nam
1863 3402 1898 3458 et
1914 3415 2027 3458 meam
2044 3393 2194 3484 patriam
2210 3394 2272 3462 in·
2344 3439 2345 3462 2

1278 3502 1391 3558 texere
1414 3489 1537 3579 cupio,
1572 3489 1672 3557 cuius
1693 3487 1760 3556 scis
1782 3512 1839 3556 me
1855 3489 1978 3560 laudes
1993 3493 2147 3566 libenter
2161 3519 2271 3586 prae·
2344 3531 2345 3538 κ

1276 3591 1412 3669 dicare,
1440 3589 1576 3659 etiamsi
1600 3591 1774 3658 derideor.
1830 3589 1959 3660 lterum
1979 3595 2067 3667 vale.
2118 3595 2271 3666 Diana·
2344 3665 2345 3672 ,

1276 3693 1338 3762 tali
1363 3689 1499 3760 Mariae
1521 3689 1677 3779 Virginis
1699 3689 1841 3774 matris,
1884 3717 1991 3784 quam
2014 3697 2136 3766 scribit
2160 3695 2272 3766 Nice.

1275 3787 1409 3884 phorus
1426 3791 1553 3860 vixisse
1567 3815 1680 3862 annos
1698 3791 1954 3896 quinquaginta
1972 3818 2113 3872 novero.

2013 3894 2215 3992 Philippus.

1338 1263 1359 1326 'l
1376 1257 1414 1312 Εἰ
1427 1273 1523 1330 apogr·
1537 1255 1566 1312 in
1579 1257 1641 1314 cod.
1654 1255 1740 1312 Paris.
1758 1257 1796 1314 D.
1806 1255 1838 1314 l..
1853 1257 1923 1314 ⁵4¹.

2041 1345 2057 1372 s
2344 1343 2345 1350 ,

320 2027 443 2099 Mitto
460 2029 527 2100 tibi
541 2022 726 2099 Mattbesii
743 2030 971 2118 concionem,
995 2046 1077 2103 etta

335 2153 416 2216 oro,
442 2143 483 2200 ut
497 2129 668 2200 rescribas
683 2131 798 2201 nobis.

222 2471 226 2482 ⁵
240 2477 308 2552 No.
325 2477 437 2556 5467.

238 2575 452 2616 Μ
1046 2488 1217 2612 Q

235 3415 284 3503 S.
308 3429 353 3502 D.
402 3426 611 3502 Reverendo
626 3429 700 3516 vir,
729 3445 763 3503 et
779 3427 983 3506 charissime
995 3438 1120 3510 trater:
1152 3442 1223 3512 scio

234 3528 303 3602 boc
333 3545 490 3621 tempore
519 3531 692 3624 inclytum
721 3533 917 3626 principem
941 3534 1161 3627 Electorem,
1190 3557 1225 3614 et

235 3631 328 3700 euris
349 3645 383 3700 et
404 3633 558 3719 negociis
579 3633 740 3702 maximis
763 3651 973 3729 occupatum
990 3663 1078 3712 esse:
1112 3657 1146 3714 et
1159 3669 1223 3714 oro

235 3733 349 3802 tilium
367 3727 435 3800 Dei
457 3733 637 3802 custodem
653 3729 847 3822 Ecclesiae,
879 3754 919 3810 ut
942 3742 1116 3828 gubernet
1138 3769 1221 3817 con-

235 3832 314 3899 silia
332 3829 543 3922 principum.
592 3830 661 3900 Sed
678 3845 887 3906 tamencum
905 3841 1057 3912 voluerit
1071 3829 1223 3938 inclytus

236 3929 397 4014 Elector,
418 3953 474 3999 me
489 3931 753 4022 responsionem
768 3937 812 4004 de
827 3932 1007 4009 Stancnrr'
1018 3959 1223 4014 controver-

236 4033 286 4101 sia
303 4032 452 4114 mittere,
479 4031 566 4122 scire
583 4032 687 4122 cupio
705 4057 749 4100 an
767 4040 938 4127 acceperit
955 4037 995 4136 ¹).
1045 4043 1084 4114 Si
1099 4046 1223 4136 legisti,

235 4132 335 4202 vides
355 4133 484 4202 multas
506 4153 649 4221 magnas
673 4155 728 4202 res
749 4135 787 4202 in
807 4141 1010 4228 quaestione
1032 4143 1092 4214 illa
1109 4149 1221 4218 couti-

236 4233 331 4300 neri:
357 4246 460 4323 teque
482 4258 564 4318 oro,
589 4245 629 4303 ut
645 4234 818 4322 significes
831 4233 939 4322 milri,
965 4265 1011 4310 an
1026 4241 1222 4318 exhibitum
1275 4217 1466 4344 Q·
2108 4243 2141 4306 8·
2155 4235 2243 4320 S‘Pl·

236 4331 281 4401 sit
299 4333 469 4421 scriptum
486 4357 604 4404 meum
619 4333 862 4408 Illustrissimo
878 4335 1053 4428 Electori,
1076 4359 1110 4415 et
1126 4350 1222 4436 quod
1844 4409 1853 4430 .
2088 4329 2266 4358 m

194 4495 214 4533 N
236 4433 282 4500 sit
304 4447 404 4502 tuum
427 4431 611 4505 iudicium.
661 4432 730 4504 Hic
755 4439 958 4511 tabellarius
979 4436 1221 4516 Rostochium
1577 4405 1672 4490 Iac·
1699 4405 1957 4522 B⁰²⁰dmg⁰·

155 4621 158 4628 ἢ
235 4533 456 4623 prolecturus
472 4544 533 4615 est,
558 4531 685 4600 missus
700 4559 718 4603 a
734 4553 855 4608 senatu
868 4540 1157 4636 Norinbergensi,
1182 4565 1222 4621 ut
1341 4570 1362 4634 ψ
1379 4565 1416 4620 Ex
1430 4583 1523 4639 apogr.
1537 4564 1566 4620 in
1583 4565 1646 4622 cod.
1661 4564 1748 4620 Paria.
1762 4565 1798 4622 n.
1814 4565 1845 4622 1..
1859 4567 1925 4625 stt.

235 4645 388 4704 accersat
402 4634 581 4702 doctorem
599 4628 778 4704 Ioannem
791 4640 1052 4738 Aurisabrnm.
1079 4648 1220 4738 Quaeso

234 4746 275 4804 ut
301 4755 401 4801 cures
422 4733 554 4802 nuncio
576 4724 728 4804 indicari
747 4735 813 4806 iter
832 4743 877 4810 ad
894 4741 1150 4830 Rostochium,
1175 4753 1220 4820 ab
1273 4722 1447 4798 I⁶⁶⁰⁶⁰
1470 4721 1567 4794 ΒΜ
1575 4720 1716 4817 (ΠΨ
1742 4719 1884 4796 άθθωή
1896 4727 1993 4800 ⁰⁶5⁸
2005 4726 2208 4808 ''latim’‘
2223 4740 2268 4811 ’ἢ

235 4833 278 4901 iis
296 4832 359 4924 qui
381 4847 524 4904 norunt.
576 4831 683 4904 Mitto
703 4833 767 4904 tibi
784 4841 988 4911 concionem
1004 4841 1220 4925 Montani.
1450 4823 1588 4919 imilla
1602 4821 1803 4896 Amdemia
1816 4820 2089 4909 R⁰⁸l⁰⁶hi⁰”“·

234 4931 332 5004 Bene
344 4931 433 5017 vale,
460 4943 495 5002 et
512 4935 663 5004 rescribe
676 4959 740 5027 per
753 4931 851 5008 hunc
862 4942 1096 5034 tabellarium,
1115 4975 1218 5043 quem
1273 4959 1319 5048 s·
1342 4970 1387 5041 D,
1426 4969 1646 5042 Docfissfme
1664 4973 1721 5040 vi.-
1736 4986 1770 5044 ep
1787 4975 1964 5048 carissime
1980 4979 2097 5053 frater·
2152 4987 2269 5066 pem⁸

232 5082 452 5102 ····-·······
1271 5069 1360 5142 mibi
1383 5097 1462 5142 cum
1478 5068 1649 5144 Arnoldo
1663 5068 1844 5162 Burenr'o,
1871 5077 1949 5150 viro
1971 5089 2163 5174 praestanti
2178 5117 2267 5165 eru-

264 5175 294 5242 ¹t)
313 5173 483 5238 &marrim
502 5173 641 5248 profectur
656 5165 746 5236 luerat
759 5181 978 5260 Norirnberganr.
1016 5193 1077 5248 Vid.
1091 5211 1133 5268 ep.
1147 5195 1175 5252 d.
1190 5196 1217 5252 d.

298 5243 341 5298 lfl·
356 5245 425 5313 due·
444 5242 471 5299 l·
483 5261 507 5296 ⁸·
1304 5267 1334 5334 l)
1352 5265 1420 5318 vetit
1432 5264 1526 5334 scripsi
1540 5279 1592 5333 pro
1605 5263 1692 5318 urtt's.

258 5331 287 5383 tt
306 5327 390 5386 stim
402 5329 803 5407 tuuatbunmmomindl.
814 5342 885 5414 elugi
897 5345 999 5406 1⁶53..
1096 5367 1099 5375 ¹
1158 5367 1160 5374 ¹
1299 5351 1329 5420 2)
1346 5351 1434 5423 lurp.
1447 5349 1474 5404 d.
1489 5351 1515 5404 ⁵.
1529 5347 1624 5421 septb.
1636 5345 1950 5422 appellatuerttn'e.
2050 5371 2054 5379 ‘
