4714 5832
110 4581 113 4588 ’
227 4555 442 4658 prehensum
476 4575 537 4636 est.
587 4559 674 4651 Legi
705 4577 739 4631 et
771 4561 1032 4654 propositiones
1064 4575 1141 4634 tuas
1168 4557 1212 4634 de

240 246 289 319 11
796 203 1234 312 rnsromauu
1283 205 1504 316 ’11111111
1556 234 1688 320 mss.
1747 268 1752 277 ·
2222 233 2267 320 se

240 413 353 484 tendit
384 411 608 483 divinitatem
638 410 677 480 in
700 405 862 496 Christo,
894 405 962 482 τὸν
988 402 1121 508 λόγον,
1157 433 1231 480 esse
1282 409 1406 502 scripsi
1430 409 1463 480 ei
1477 403 1511 508 ²)
1536 411 1581 481 de
1602 413 1718 484 modis
1754 410 1943 509 loquendi,
1975 439 2033 487 me
2053 431 2198 510 optare,
2234 382 2286 492 ut*

240 519 351 604 ipsam
382 511 468 602 legis
492 511 667 585 notitiam.
728 511 844 582 Multa
868 525 1156 602 suntportenta,
1186 515 1229 580 de
1282 509 1362 580 illas
1385 525 1420 582 et
1440 533 1503 582 vos
1518 526 1553 582 et
1575 537 1642 584 nos
1662 539 1873 608 sequamur,
1908 533 1942 589 et
1965 535 2170 592 constanter
2188 523 2286 592 reti-'

239 617 369 707 quibus
384 616 471 684 alias
490 613 623 704 prolixe
640 613 802 708 scribam.
844 611 976 686 Missus
990 627 1042 682 est
1056 637 1075 681 a
1091 605 1229 682 Land-
1281 635 1427 682 neamus
1443 627 1595 684 veterem
1608 615 1779 710 loquendi
1791 617 1960 703 sormam,
1984 623 2217 714 approbatam
2235 623 2270 691 11

236 715 369 808 gravio
386 717 429 784 ad
444 711 644 810 Sneppium
658 727 691 784 et
709 715 752 783 ad
773 737 838 786 me.
891 711 1096 797 Gloriatur,
1123 713 1226 784 seire
1281 715 1416 806 synodo
1433 709 1626 806 Ephesius,
1650 719 1848 788 etadoctis
1866 721 2043 811 deinceps.
2080 720 2269 812 Quaestio-

239 841 301 908 per
321 815 572 898 Germaniam,
597 811 888 906 triumphantem.
939 813 1036 884 Haec
1058 817 1146 886 scire
1165 839 1226 884 vos
1280 839 1360 882 nem
1378 839 1461 884 vero
1481 817 1525 885 de
1541 811 1757 904 mediatore,
1779 819 1929 890 iudicati
1948 843 2049 913 posse
2065 847 2106 894 ex
2120 823 2269 916 'epistola

111 949 118 960 ·
238 943 378 988 necesse
407 931 469 990 est.
520 917 616 988 Scito
640 909 849 984 Iohannem
881 915 1084 986 ministrum
1108 941 1226 986 meum
1279 917 1323 983 ad
1351 913 1543 990 Hebraeos.
1594 915 1648 988 Ac
1672 941 1816 1010 prorsus
1837 921 1993 1004 affirmo,
2027 947 2084 994 me
2105 923 2268 996 invocare

239 1021 356 1087 virum
374 1017 635 1096 fidelissimum,
662 1031 695 1087 et
718 1013 820 1088 1)Εο
845 1041 964 1086 carum
983 1041 1023 1086 ex
1047 1013 1113 1088 hac
1130 1041 1226 1088 mor·
1280 1015 1392 1085 lilium
1406 1017 1493 1105 Dei,
1518 1016 1634 1088 Deum
1650 1035 1685 1090 et
1701 1015 1897 1108 hominem,
1922 1037 1957 1093 et
1975 1019 2066 1094 hanc
2082 1048 2267 1116 personam

239 1122 301 1190 tali
332 1122 403 1190 vita
432 1121 484 1188 ad¹
509 1119 691 1191 coelestem
716 1115 911 1200 Ecclesiam
932 1133 1114 1188 evocatum
1142 1141 1226 1192 esse.
1279 1139 1467 1206 agnoscere
1492 1119 1743 1204 mediatorem,
1778 1123 1869 1194 sicut
1900 1123 2034 1218 inquit:
2069 1125 2201 1197 Venite
2225 1131 2267 1198 ad

238 1219 316 1290 Etsi
342 1222 438 1290 enim
460 1219 525 1309 ipsi
551 1216 758 1309 gratulanda
785 1232 836 1288 est
859 1219 1061 1291 dulcissima
1078 1242 1227 1289 consue-
1279 1241 1335 1286 me
1351 1241 1474 1288 omnes
1489 1221 1550 1314 qui
1566 1221 1734 1292 laboratis
1751 1237 1785 1296 et
1800 1225 1936 1302 onerati
1952 1227 2052 1313 estis,
2077 1241 2112 1297 et
2128 1251 2194 1318 ego
2215 1253 2267 1298 re-

238 1323 325 1392 tudo
341 1345 420 1391 cum
436 1323 510 1390 filio
527 1317 611 1405 Dei,
636 1345 715 1390 cum
738 1315 918 1414 prophetis
935 1335 969 1390 et
990 1335 1064 1390 toto
1088 1322 1227 1410 agmine
1278 1319 1393 1388 liciam
1407 1343 1481 1392 vos.
1532 1323 1589 1393 De
1612 1318 1677 1394 hae
1692 1337 1764 1394 tota
1788 1349 1829 1396 re
1850 1325 2048 1416 longiorem
2067 1329 2136 1400 tibi
2157 1331 2267 1421 expli-

237 1423 397 1507 coelesti,
436 1435 552 1490 tamen
580 1443 642 1510 ego
670 1421 860 1512 multiplici
887 1423 1010 1492 dolore
1036 1423 1226 1494 excrucior.
1278 1420 1453 1490 tationem
1487 1422 1635 1493 mittam.
1697 1423 1793 1495 lllud
1825 1441 1942 1497 autem
1974 1453 2049 1498 non
2080 1429 2266 1501 dissimulo

237 1519 396 1600 Funeris,
419 1523 616 1614 frequentia
644 1525 750 1592 totius
778 1513 929 1592 civitatis
947 1523 1086 1594 iudicia
1112 1526 1156 1592 de
1183 1547 1222 1592 eo
1278 1522 1498 1612 displicuisse
1534 1517 1644 1610 mihi,
1685 1528 1780 1618 quod
1816 1527 1855 1597 iu
1889 1529 1983 1600 libro
2007 1524 2267 1628 Berlinensi')

237 1622 412 1696 ostendit'
454 1619 645 1718 Lacrymae
662 1624 878 1714 impediunt,
902 1623 1106 1716 quominus
1124 1625 1226 1716 plura
1277 1623 1448 1713 scriptum
1467 1638 1558 1711 erat,
1579 1621 1763 1696 Christum
1779 1632 1974 1699 secundum
1991 1637 2181 1726 utramque
2203 1657 2265 1702 na-

160 1753 165 1764 ·
237 1727 379 1799 addam.
421 1719 520 1794 Bene
534 1726 622 1808 vale,
648 1721 807 1817 Salutem
822 1721 867 1797 D.
884 1721 929 1797 D.
945 1716 1127 1810 Iohanni,
1153 1719 1226 1792 Ar·
1277 1737 1392 1793 turam
1414 1738 1593 1796 mortuum
1616 1751 1700 1802 esse.
1749 1727 1832 1799 Nou
1849 1731 1899 1800 sie
1920 1731 2081 1825 loquitur
2098 1747 2265 1808 vetustas.

237 1820 371 1910 noido,
403 1817 572 1894 Andreae
602 1837 636 1895 et
657 1827 759 1894 vohis
782 1825 949 1898 omnibus
975 1841 1070 1918 opto.
1120 1821 1225 1896 Tile—
1276 1820 1426 1894 Etiamsi
1448 1851 1530 1896 vera
1552 1842 1604 1900 est
1630 1831 1826 1920 propositio
1849 1831 1945 1902 iuxta
1968 1833 2263 1906 communicatio-

235 1919 442 2019 mannus‘)
459 1941 601 1997 vocatus
616 1927 725 2022 estad
740 1921 935 1998 Ecclesiam
949 1925 1224 2004 Goslariensem.
1277 1948 1357 1994 nem
1381 1926 1606 1999 idiomatum:
1633 1927 1729 2000 Deus
1753 1945 1805 2002 est
1826 1945 1999 2008 11111111.
2049 1933 2123 2006 Nee
2146 1949 2264 2006 tamen

693 2039 881 2136 Philippus
897 2041 1121 2120 Melanthon,
1277 2050 1401 2096 moveo
1428 2029 1537 2109 rixas,
1563 2031 1625 2100 sed
1652 2032 1849 2122 cogitabam
1872 2035 1960 2104 alios
1984 2049 2146 2108 moturos
2175 2061 2263 2107 esse:

348 2211 350 2218 Ι
1276 2151 1340 2197 nec
1370 2141 1406 2198 te
1436 2129 1675 2215 existimabam
1706 2129 1943 2206 architectum
1965 2137 2050 2206 libri
2077 2161 2171 2222 esse,
2204 2141 2263 2208 sed

241 2230 668 2262 *-······-·“····-····*···
1007 2253 1206 2266 ···-·······-
1275 2227 1384 2297 alium
1402 2225 1452 2325 ⁴),
1477 2231 1540 2325 qui
1562 2253 1644 2303 suas
1664 2237 1833 2328 quosdam
1855 2235 1999 2307 delicias
2019 2237 2059 2306 in
2081 2239 2264 2332 loquendo

235 2339 290 2451 Μ
317 2376 420 2454 6367
576 2323 580 2333 “
1063 2397 1106 2458 ¹²
1134 2384 1201 2450 Ar
1275 2344 1390 2415 amat,
1415 2355 1480 2401 nee
1496 2334 1764 2426 proprietatem,
1788 2360 1854 2408 nec
1871 2337 2092 2431 antiquitatis
2112 2365 2264 2411 consue·

241 2425 431 2506 „⁰02
820 2447 824 2453 ’
1044 2413 1212 2508 „AE
1273 2431 1435 2500 tudinem
1458 2435 1610 2505 retinere
1632 2437 1767 2523 studet,
1796 2451 1838 2508 ut
1863 2437 1937 2530 ipse
1966 2439 2124 2512 iudicare
2151 2455 2264 2534 potes.

258 2525 262 2532 ’
566 2559 618 2648 Α
659 2562 869 2650 Μωωιο
1274 2530 1385 2622 Spero
1409 2547 1443 2603 te
1467 2535 1556 2606 lecta
1578 2549 1699 2607 nostra
1723 2540 1969 2630 responsione,
1993 2565 2100 2634 quam
2122 2543 2265 2614 mittam

620 2622 629 2642 ⁸
870 2621 882 2648 ⁹
1274 2631 1408 2727 inclyto
1426 2631 1602 2722 Electori,
1627 2661 1702 2709 non
1720 2653 1958 2731 pugnaturum
1974 2664 2048 2712 esse
2063 2641 2265 2718 nobiscum.

241 2730 246 2742 '
307 2769 312 2785 ·
347 2733 444 2828 Manttt
463 2733 560 2810 tamg.
578 2739 718 2810 patsqq.
1274 2729 1322 2804 Et
1339 2749 1371 2804 te
1387 2751 1531 2828 propter
1546 2735 1679 2810 Filium
1694 2737 1763 2812 Dei
1777 2753 1811 2812 et
1822 2735 2000 2814 Ecclesiae
2022 2744 2169 2814 salutem
2188 2769 2265 2828 oro,

233 2843 301 2969 jd
328 2890 459 2965 And,
499 2891 756 2966 muldam
789 2893 829 2964 pn
854 2888 1013 2966 ‘stadem
1051 2891 1222 2968 Franco·
1272 2847 1313 2906 ut
1335 2861 1457 2908 vocem
1479 2852 1514 2910 et
1534 2841 1757 2914 autoritatem
1782 2855 1878 2912 tuam
1901 2845 1947 2914 ad
1969 2847 2141 2916 tuendum
2162 2847 2264 2936 pium

456 2942 471 2967 ’
1015 2950 1025 2971 ·
1272 2961 1482 3008 consensum
1504 2939 1542 3010 11
1560 2937 1617 3011 bis
1630 2939 1797 3013 Ecclesiis
1820 2956 1855 3014 et
1869 2939 2072 3016 Academiis
2090 2947 2263 3020 conseras.

225 2993 417 3095 sffdlm
431 2993 461 3094 ²)
487 2991 529 3066 ‘l‘
552 2990 862 3113 m⁰d⁰s⁰i¹¹⁶⁰d⁸⁹
887 2995 1082 3070 mmm
1102 3024 1122 3070 Γ
1121 2999 1219 3070 (1110·
1273 3035 1455 3126 Vagantur
1473 3040 1603 3132 passim
1619 3045 1741 3127 multi,
1767 3045 1828 3138 qui
1850 3058 1883 3115 et
1897 3046 2042 3116 dissidia
2057 3069 2176 3120 serere
2200 3041 2264 3120 co·'

476 3157 482 3168 ·
559 3121 638 3166 mm
655 3093 886 3175 ¹d¹⁰m⁰il¹lih
1271 3153 1423 3224 uantur,
1449 3154 1485 3212 et
1503 3142 1644 3234 piorum
1661 3145 1920 3216 invocationem
1942 3148 2102 3220 turbant:
2128 3162 2170 3219 ut
2192 3174 2264 3220 nu·

232 3231 280 3318 S.
305 3241 351 3320 D.
388 3239 465 3334 Ego
480 3245 577 3330 sero,
601 3247 794 3314 reverende
809 3245 866 3314 vir
880 3257 914 3314 et
930 3239 1133 3314 charissime
1147 3245 1218 3316 ira·
1271 3263 1334 3330 per
1347 3255 1382 3312 et
1398 3235 1579 3313 Tamerus
1600 3243 1768 3318 fanaticas
1785 3246 1972 3340 opiniones
1993 3271 2155 3340 spargere
2179 3275 2263 3320 coe-

231 3363 297 3434 ter,
320 3347 376 3416 vel
389 3347 549 3440 quotidie
563 3360 678 3416 tecum
691 3346 848 3440 colloqui
862 3369 918 3414 me
932 3369 1033 3450 posse
1047 3360 1218 3438 optarem,
1266 3341 1333 3431 pit.
1383 3339 1564 3416 Adversus
1585 3347 1672 3418 tales
1699 3359 1860 3418 tueamur
1883 3349 2170 3420 coniunctionem
2192 3375 2265 3422 no-

230 3474 306 3520 111
332 3449 376 3518 de
396 3448 521 3542 populi
545 3447 695 3532 fabulis,
720 3451 781 3516 sed
803 3449 848 3516 de
870 3447 975 3516 rebus
997 3449 1157 3518 maximis
1172 3451 1216 3520 ad
1268 3456 1388 3516 stram.
1438 3441 1671 3537 Resmaguae
1690 3461 1791 3533 sunt,
1815 3450 2005 3544 dequibus
2025 3449 2096 3520 iam
2113 3452 2263 3524 dimeti-

229 3549 411 3621 ‹loctrinae
441 3549 709 3642 explicationem
739 3548 1009 3639 pertinentibus.
1068 3546 1159 3620 Nam
1183 3565 1219 3623 et
1270 3567 1363 3614 mus:
1397 3545 1441 3615 de
1467 3544 1678 3618 Mediatoris
1699 3550 1939 3636 invocatione,
1963 3553 2007 3620 de
2030 3554 2264 3642 proprietati-

230 3652 340 3740 diligo
366 3666 419 3736 te,
451 3665 486 3721 et
511 3651 668 3721 studium
694 3651 825 3742 probo,
858 3663 893 3720 et
916 3662 999 3742 opto
1029 3649 1124 3722 inter
1150 3675 1216 3723 nos
1269 3646 1333 3714 bus
1350 3669 1579 3738 personarum
1597 3650 1811 3737 divinarum,
1837 3653 1931 3724 etde
1946 3651 2026 3722 aliis
2042 3653 2262 3748 quibusdam

229 3753 330 3846 pium
352 3774 646 3838 consensum,·ae
668 3751 706 3820 iu
726 3752 893 3821 omnibus
915 3747 970 3820 his
991 3747 1159 3822 Ecclesiis
1183 3767 1217 3825 et
1267 3747 1448 3817 doctrinae
1475 3749 1663 3835 memhris,
1698 3753 1743 3821 de
1775 3753 1905 3845 quibus
1937 3753 2126 3824 certamina
2158 3770 2263 3828 mota

230 3851 432 3924 Academiis
463 3865 672 3944 perpetuum
704 3875 788 3926 esse.
825 3849 960 3941 Quare
985 3854 1119 3925 silentii
1145 3855 1216 3923 mei
1267 3861 1350 3917 sunt
1367 3849 1451 3918 etin
1468 3846 1608 3921 Gallico
1630 3853 1767 3935 littore,
1791 3865 1826 3923 et
1844 3853 1942 3924 alibi.
1992 3851 2043 3924 De
2066 3855 2202 3948 quihus
2225 3874 2261 3928 et

230 3979 371 4026 causam
395 3959 469 4024 non
495 3968 595 4044 putes
615 3951 739 4022 iudicii
757 3953 813 4022 vel
834 3953 1026 4025 voluntatis
1046 3953 1215 4036 mutatio·
1267 3964 1381 4018 tecum
1398 3973 1516 4019 coram
1532 3951 1688 4046 colloqui
1706 3953 1851 4034 vellem,
1876 3967 1911 4025 et
1927 3953 2119 4048 aliquando
2141 3959 2263 4028 collo-

230 4082 329 4128 nem:
355 4057 417 4126 sed
433 4056 536 4126 exilia
555 4067 590 4126 et
602 4055 692 4124 aliae
708 4075 895 4126 aerumnae
917 4077 1017 4148 saepe
1032 4050 1119 4127 haec
1135 4057 1214 4126 osli·
1267 4075 1365 4143 quar.
1416 4047 1514 4122 Bene
1542 4065 1579 4124 et
1606 4055 1756 4125 feliciter
1785 4055 1874 4132 vale.
1921 4055 1993 4129 Die
2021 4057 2079 4132 12.
2106 4053 2264 4152 Aprilis,

229 4158 283 4228 cia
299 4158 511 4248 impediunt.
563 4155 672 4248 Quod
686 4179 770 4240 vero
785 4155 910 4240 scribis
932 4167 1073 4229 teame
1095 4182 1214 4250 repre·
1267 4151 1492 4228 11111558.

229 4255 380 4328 hensum
397 4282 480 4342 esse,
505 4271 539 4329 et
554 4259 699 4354 quidem
716 4259 755 4326 11
771 4257 910 4348 scriptis
926 4257 1068 4348 publice
1082 4283 1214 4350 propo-

229 4359 321 4432 sitis:
350 4359 388 4428 id
409 4383 483 4429 non
506 4381 579 4429 esse
601 4361 751 4444 iactum,
776 4357 995 4452 scriptaipsa
1010 4362 1213 4442 ostendunt,
1269 4372 2259 4459 *fflssssffl‘mfflw

229 4484 319 4556 quae
340 4459 407 4554 tibi
422 4461 524 4534 mitto
534 4464 546 4529 :'
570 4485 723 4560 quorum
746 4460 898 4540 alterum
919 4455 1140 4530 aStancnro
1157 4485 1214 4530 re-

229 4663 519 4762 duobusramis
540 4663 579 4732 in
595 4648 754 4761 Christo,
779 4675 814 4732 et
828 4663 872 4730 de
888 4661 1097 4734 idiomatum
1115 4691 1212 4735 com-
1271 4629 1482 4670 Μ

227 4761 481 4859 munitatioue,
503 4757 584 4836 ante
599 4788 732 4834 anuum
747 4785 865 4832 mense
877 4759 978 4832 Maio
995 4766 1115 4850 editas,
1135 4791 1211 4835 eas-
1462 4785 1472 4806 ··
1542 4714 1614 4808 M·
1644 4720 1977 4844 Melmbm'ffl·

228 4891 297 4960 que
314 4863 429 4957 palam
448 4843 835 4966 'dirime'approbare
885 4859 957 4934 Sed
980 4889 1060 4934 cum
1085 4849 1210 4937 adine
1362 4897 1448 4970 Epist.
1468 4897 1515 4954 gg,
1531 4864 1567 4954 p,
1586 4897 1680 4968 μω
1689 4915 1752 4969 ..14
1811 4888 1814 4894 ’

226 4967 379 5063 inclytus
394 4958 536 5040 Elector
555 4959 738 5052 Murchio
756 4963 1032 5038 controversiam
1050 4963 1212 5056 misisset,

1262 5059 1486 5075 Μ

226 5131 447 5148 wem

258 5233 362 5306 W
374 5213 538 5292 Mmm
1295 5182 1325 5250 s>
1346 5183 1409 5239 vta.
1424 5199 1467 5254 ep.
1480 5185 1507 5239 1.
1521 5181 1663 5242 asoa.
1677 5183 1756 5270 esse.

246 5318 288 5386 1)
307 5319 426 5376 marsus
444 5319 566 5374 nawa
587 5313 830 5400 „amentatum
857 5318 905 5374 ..1
926 5317 1090 5389 adscriptam
1111 5317 1210 5402 tegrin
1296 5283 1433 5402 ⁵)’¹⁰'¹3
1449 5283 1643 5400 11111011..
1745 5345 1785 5397 -.

289 5385 321 5442 in
333 5389 448 5460 exempl.
463 5389 550 5446 Mart.
565 5386 734 5446 11111Ιί1111
746 5405 831 5444 manu
847 5385 949 5460 Georg.
966 5387 1165 5446 Bucltlsoltaen.
1296 5387 1324 5457 t)
1343 5385 1494 5456 [etenum.
1512 5385 1657 5458 adseripest
1671 5381 1904 5460 marglnrflsorg.
1915 5380 2106 5442 tumtunm
2124 5421 2133 5446 .

1282 4529 1349 4604 No.
1364 4523 1478 4610 6368.
2095 4543 2259 4670 Q.
2347 4599 2348 4656 q
